
@article{farbrot_ground_2013,
	title = {Ground {Thermal} {Regime} and {Permafrost} {Distribution} under a {Changing} {Climate} in {Northern} {Norway}: {Ground} {Thermal} {Regime} and {Permafrost} {Distribution} in {Northern} {Norway}},
	volume = {24},
	issn = {10456740},
	shorttitle = {Ground {Thermal} {Regime} and {Permafrost} {Distribution} under a {Changing} {Climate} in {Northern} {Norway}},
	url = {http://doi.wiley.com/10.1002/ppp.1763},
	doi = {10.1002/ppp.1763},
	language = {en},
	number = {1},
	urldate = {2016-11-15},
	journal = {Permafrost and Periglacial Processes},
	author = {Farbrot, Herman and Isaksen, Ketil and Etzelmüller, Bernd and Gisnås, Kjersti},
	month = jan,
	year = {2013},
	pages = {20--38},
	file = {farbrot2013ground.pdf:/home/webersa/.zotero/zotero/a9vqf6mb.default/zotero/storage/QQ56NGZU/farbrot2013ground.pdf:application/pdf}
}

@article{golly_large_2015,
	title = {Large chemical characterisation of {PM}10 emitted from graphite material production: {Application} in source apportionment},
	volume = {538},
	issn = {00489697},
	shorttitle = {Large chemical characterisation of {PM}10 emitted from graphite material production},
	url = {http://linkinghub.elsevier.com/retrieve/pii/S0048969715304587},
	doi = {10.1016/j.scitotenv.2015.07.115},
	language = {en},
	urldate = {2017-09-20},
	journal = {Science of The Total Environment},
	author = {Golly, B. and Brulfert, G. and Berlioux, G. and Jaffrezo, J.-L. and Besombes, J.-L.},
	month = dec,
	year = {2015},
	pages = {634--643},
	file = {golly2015.pdf:/home/webersa/.zotero/zotero/a9vqf6mb.default/zotero/storage/4XP678R9/golly2015.pdf:application/pdf}
}

@article{gisnas_cryogrid_2013,
	title = {{CryoGRID} 1.0: {Permafrost} {Distribution} in {Norway} estimated by a {Spatial} {Numerical} {Model}: {CryoGRID} 1.0: {Permafrost} {Distribution} in {Norway}},
	volume = {24},
	issn = {10456740},
	shorttitle = {{CryoGRID} 1.0},
	url = {http://doi.wiley.com/10.1002/ppp.1765},
	doi = {10.1002/ppp.1765},
	language = {en},
	number = {1},
	urldate = {2016-11-15},
	journal = {Permafrost and Periglacial Processes},
	author = {Gisnås, K. and Etzelmüller, B. and Farbrot, H. and Schuler, T. V. and Westermann, S.},
	month = jan,
	year = {2013},
	pages = {2--19},
	file = {gisnas2013cryoGRID.pdf:/home/webersa/.zotero/zotero/a9vqf6mb.default/zotero/storage/XNECUMWM/gisnas2013cryoGRID.pdf:application/pdf}
}

@article{navel_combining_2015,
	title = {Combining microscopy with spectroscopic and chemical methods for tracing the origin of atmospheric fallouts from mining sites.},
	number = {300},
	journal = {Journal of Hazardous Materials},
	author = {Navel, A. and Uzu, Gaëlle and Spadini, Lorenzo and Sobanska, S. and Martin, JMF},
	year = {2015},
	pages = {538--545}
}

@article{liu_source_2016,
	title = {Source apportionment of {Beijing} air pollution during a severe winter haze event and associated pro-inflammatory responses in lung epithelial cells},
	volume = {126},
	issn = {13522310},
	url = {http://linkinghub.elsevier.com/retrieve/pii/S1352231015305380},
	doi = {10.1016/j.atmosenv.2015.11.031},
	language = {en},
	urldate = {2016-12-14},
	journal = {Atmospheric Environment},
	author = {Liu, Qingyang and Baumgartner, Jill and Zhang, Yuanxun and Schauer, James J.},
	month = feb,
	year = {2016},
	pages = {28--35},
	file = {Liu_2016_sourceapportionment_tox.pdf:/home/webersa/.zotero/zotero/a9vqf6mb.default/zotero/storage/Q5DZCIXI/Liu_2016_sourceapportionment_tox.pdf:application/pdf}
}

@article{song_source_2006,
	title = {Source apportionment of {PM}2.5 in {Beijing} by positive matrix factorization},
	volume = {40},
	issn = {13522310},
	url = {http://linkinghub.elsevier.com/retrieve/pii/S1352231005010174},
	doi = {10.1016/j.atmosenv.2005.10.039},
	language = {en},
	number = {8},
	urldate = {2017-09-28},
	journal = {Atmospheric Environment},
	author = {Song, Yu and Zhang, Yuanhang and Xie, Shaodong and Zeng, Limin and Zheng, Mei and Salmon, Lynn G. and Shao, Min and Slanina, Sjaak},
	month = mar,
	year = {2006},
	pages = {1526--1537},
	file = {song2006.pdf:/home/webersa/.zotero/zotero/a9vqf6mb.default/zotero/storage/7PUKB4M9/song2006.pdf:application/pdf}
}

@article{klene_n-factor_2001,
	title = {The {N}-{Factor} in {Natural} {Landscapes}: {Variability} of {Air} and {Soil}-{Surface} {Temperatures}, {Kuparuk} {River} {Basin}, {Alaska}, {U}.{S}.{A}.},
	volume = {33},
	issn = {15230430},
	shorttitle = {The {N}-{Factor} in {Natural} {Landscapes}},
	url = {http://www.jstor.org/stable/1552214?origin=crossref},
	doi = {10.2307/1552214},
	number = {2},
	urldate = {2016-11-15},
	journal = {Arctic, Antarctic, and Alpine Research},
	author = {Klene, Anna E. and Nelson, Frederick E. and Shiklomanov, Nikolay I. and Hinkel, Kenneth M.},
	month = may,
	year = {2001},
	pages = {140},
	file = {klene2001nfactor.pdf:/home/webersa/.zotero/zotero/a9vqf6mb.default/zotero/storage/UW2AET9U/klene2001nfactor.pdf:application/pdf}
}

@article{amann_baseline_2005,
	title = {Baseline scenarios for the clean air for {Europe} ({CAFE}) programme},
	volume = {79},
	url = {http://www.iiasa.ac.at/web/home/research/researchPrograms/air/policy/CAFE-baseline-full.pdf},
	urldate = {2017-05-31},
	journal = {Final report},
	author = {Amann, Markus and Bertok, Imrich and Cofala, Janusz and Gyarfas, Frantisek and Heyes, Chris and Klimont, Zbigniew and Schöpp, Wolfgang and Winiwarter, Wilfried},
	year = {2005},
	file = {cafe_scenario_report_1.pdf:/home/webersa/.zotero/zotero/a9vqf6mb.default/zotero/storage/982QSINZ/cafe_scenario_report_1.pdf:application/pdf}
}

@phdthesis{chevrier_chauffage_2016,
	address = {Grenoble},
	title = {Chauffage au bois et qualité de l'air en {Vallée} de l'{Arve} : définition d'un système de surveillance et impact d'une politique de rénovation du parc des appareils anciens.},
	url = {https://tel.archives-ouvertes.fr/tel-01527559},
	abstract = {La combustion de la biomasse est l’une des sources majoritaires de particules atmosphériques en périodes hivernales dans les vallées alpines, et particulièrement en vallée de l’Arve où des dépassements des seuils européens sont très régulièrement observés. Ceci a conduit à la mise en place d’un large programme de remplacement des dispositifs de chauffage au bois les moins performants dans le cadre d’une des actions du Plan de Protection de l’Atmosphère, le Fond Air Bois. Le projet DECOMBIO (DÉconvolution de la contribution de la COMbustion de la BIOmasse aux PM 10 dans la vallée de l’Arve) a ainsi été mis en place en octobre 2013 afin de mesurer l’impact de cette politique de rénovation des appareils de chauffage au bois sur la qualité de l’air. C’est dans ce programme que s’inscrivent ces travaux de thèse dont l’objectif principal est de valider les méthodologies mises en place en routine pour permettre une déconvolution rapide de la combustion de la biomasse et mettre en relation les éventuels changements observés avec les avancées des remplacements de dispositifs de chauffage au bois domestiques.
Pour mener à bien ce travail, trois sites, représentant les différentes situations de la vallée de l’Arve, ont été instrumentés (Marnaz, Passy et Chamonix) afin de suivre en continu, et tout au long du projet DECOMBIO, l’évolution des concentrations atmosphériques du Black Carbon (BC) et des traceurs moléculaires permettant de distinguer la contribution de la combustion de la biomasse des autres types de combustion. Un important jeu de données a été acquis entre novembre 2013 et octobre 2014 grâce à des prélèvements réguliers sur filtre permettant une caractérisation très fine de la composition chimique des particules atmosphériques. L’utilisation de l’approche statistique « Positive Matrix Factorization » (PMF) a permis de mieux appréhender les différentes sources entrant en jeu dans les émissions de particules au sein de cette vallée avec notamment un intérêt particulier pour les émissions de la combustion de la biomasse. Le développement de cette méthodologie d’attribution et de quantification des sources de particules basé sur l’utilisation de traceurs organiques spécifiques, de contraintes particulières appliquées à ce modèle et de données de déconvolution de la matière carbonée constitue une avancée importante dans la définition des facteurs sources issus de ce modèle.
Les méthodologies développées au cours de ce travail, permettant une amélioration des connaissances et des contributions des sources, constituent donc des outils directement utilisables par les Associations Agréées de Surveillance de la Qualité de l’Air (AASQA), notamment pour l’évaluation quantitative des mesures prises pour améliorer la qualité de l’air
dans le cadre de Plans de Protection de l’Atmosphère, entre autres celui de la vallée de l’Arve.},
	language = {Française},
	school = {Université Grenoble Alpes},
	author = {Chevrier, Florie},
	year = {2016},
	file = {Chevrier - 2016 - Chauffage au bois et qualité de l'air en Vallée de.pdf:/home/webersa/.zotero/zotero/a9vqf6mb.default/zotero/storage/8DIRV2HA/Chevrier - 2016 - Chauffage au bois et qualité de l'air en Vallée de.pdf:application/pdf}
}

@article{kodikara_determination_2011,
	title = {Determination of thermal diffusivity of soil using infrared thermal imaging},
	volume = {48},
	issn = {0008-3674, 1208-6010},
	url = {http://www.nrcresearchpress.com/doi/abs/10.1139/t11-036},
	doi = {10.1139/t11-036},
	language = {en},
	number = {8},
	urldate = {2016-11-15},
	journal = {Canadian Geotechnical Journal},
	author = {Kodikara, Jayantha and Rajeev, Pathmanathan and Rhoden, Nicholas. J.},
	month = aug,
	year = {2011},
	pages = {1295--1302},
	file = {kodikara2011determination.pdf:/home/webersa/.zotero/zotero/a9vqf6mb.default/zotero/storage/FGX2NDTJ/kodikara2011determination.pdf:application/pdf}
}

@article{li_ammonium_2012,
	title = {Ammonium stability and nitrogen isotope fractionations for –{NH}3(aq)–{NH}3(gas) systems at 20–70°{C} and {pH} of 2–13: {Applications} to habitability and nitrogen cycling in low-temperature hydrothermal systems},
	volume = {84},
	issn = {00167037},
	shorttitle = {Ammonium stability and nitrogen isotope fractionations for –{NH}3(aq)–{NH}3(gas) systems at 20–70°{C} and {pH} of 2–13},
	url = {http://linkinghub.elsevier.com/retrieve/pii/S0016703712000634},
	doi = {10.1016/j.gca.2012.01.040},
	language = {en},
	urldate = {2016-11-15},
	journal = {Geochimica et Cosmochimica Acta},
	author = {Li, Long and Lollar, Barbara Sherwood and Li, Hong and Wortmann, Ulrich G. and Lacrampe-Couloume, Georges},
	month = may,
	year = {2012},
	pages = {280--296},
	file = {Li2012Nisotopefractionation.pdf:/home/webersa/.zotero/zotero/a9vqf6mb.default/zotero/storage/JHN3FMSE/Li2012Nisotopefractionation.pdf:application/pdf}
}

@article{waked_modeling_2013,
	title = {Modeling air pollution in {Lebanon}: evaluation at a suburban site in {Beirut} during summer},
	volume = {13},
	issn = {1680-7324},
	shorttitle = {Modeling air pollution in {Lebanon}},
	url = {http://www.atmos-chem-phys.net/13/5873/2013/},
	doi = {10.5194/acp-13-5873-2013},
	language = {en},
	number = {12},
	urldate = {2017-09-20},
	journal = {Atmospheric Chemistry and Physics},
	author = {Waked, A. and Seigneur, C. and Couvidat, F. and Kim, Y. and Sartelet, K. and Afif, C. and Borbon, A. and Formenti, P. and Sauvage, S.},
	month = jun,
	year = {2013},
	pages = {5873--5886},
	file = {waked2013modelling.pdf:/home/webersa/.zotero/zotero/a9vqf6mb.default/zotero/storage/TMSI7C3W/waked2013modelling.pdf:application/pdf}
}

@article{jordan_levoglucosan_2006,
	title = {Levoglucosan as an atmospheric tracer for woodsmoke},
	volume = {40},
	issn = {13522310},
	url = {http://linkinghub.elsevier.com/retrieve/pii/S1352231006003104},
	doi = {10.1016/j.atmosenv.2006.03.023},
	language = {en},
	number = {27},
	urldate = {2017-05-09},
	journal = {Atmospheric Environment},
	author = {Jordan, Timothy B. and Seen, Andrew J. and Jacobsen, Geraldine E.},
	month = sep,
	year = {2006},
	pages = {5316--5321},
	file = {jordan2006levoglucosan.pdf:/home/webersa/.zotero/zotero/a9vqf6mb.default/zotero/storage/X8D9FUIM/jordan2006levoglucosan.pdf:application/pdf}
}

@phdthesis{dallamico_coupled_2010,
	title = {Coupled water and heat transfer in permafrost modeling},
	url = {http://eprints-phd.biblio.unitn.it/335/},
	urldate = {2016-11-15},
	school = {University of Trento},
	author = {Dall'Amico, Matteo},
	year = {2010},
	file = {dallamico2010.pdf:/home/webersa/.zotero/zotero/a9vqf6mb.default/zotero/storage/UCXDGNQA/dallamico2010.pdf:application/pdf}
}

@incollection{henry_multivariate_1991,
	address = {Amsterdam},
	edition = {1},
	title = {Multivariate  receptor  models},
	isbn = {0-444-88218-9},
	booktitle = {Receptor  modeling for air quality management},
	publisher = {Elsevier Science Publishers},
	author = {Henry, Ronald C.},
	editor = {Hopke, Philip K.},
	year = {1991}
}

@article{yang_measurement_2014,
	title = {Measurement of the oxidative potential of {PM}2.5 and its constituents: {The} effect of extraction solvent and filter type},
	volume = {83},
	issn = {13522310},
	shorttitle = {Measurement of the oxidative potential of {PM}2.5 and its constituents},
	url = {http://linkinghub.elsevier.com/retrieve/pii/S1352231013008029},
	doi = {10.1016/j.atmosenv.2013.10.049},
	language = {en},
	urldate = {2017-03-30},
	journal = {Atmospheric Environment},
	author = {Yang, Aileen and Jedynska, Aleksandra and Hellack, Bryan and Kooter, Ingeborg and Hoek, Gerard and Brunekreef, Bert and Kuhlbusch, Thomas A.J. and Cassee, Flemming R. and Janssen, Nicole A.H.},
	month = feb,
	year = {2014},
	pages = {35--42},
	file = {yang2014measurments.pdf:/home/webersa/.zotero/zotero/a9vqf6mb.default/zotero/storage/NRPCTE5T/yang2014measurments.pdf:application/pdf}
}

@inproceedings{hopke_guide_2000,
	title = {A guide to positive matrix factorization},
	volume = {5},
	url = {https://www.researchgate.net/profile/Philip_Hopke/publication/238687375_A_GUIDE_TO_POSITIVE_MATRIX_FACTORIZATION/links/548abe290cf225bf669ca846.pdf},
	urldate = {2017-05-05},
	booktitle = {Workshop on {UNMIX} and {PMF} as {Applied} to {PM}2},
	author = {Hopke, Philip K.},
	year = {2000},
	pages = {600},
	file = {A_GUIDE_TO_POSITIVE_MATRIX_FACTORIZATION.pdf:/home/webersa/.zotero/zotero/a9vqf6mb.default/zotero/storage/HI8XUKEX/A_GUIDE_TO_POSITIVE_MATRIX_FACTORIZATION.pdf:application/pdf}
}

@article{bonvalot_estimating_2016,
	title = {Estimating contributions from biomass burning, fossil fuel combustion, and biogenic carbon to carbonaceous aerosols in the {Valley} of {Chamonix}: a dual approach based on radiocarbon and levoglucosan},
	volume = {16},
	issn = {1680-7324},
	shorttitle = {Estimating contributions from biomass burning, fossil fuel combustion, and biogenic carbon to carbonaceous aerosols in the {Valley} of {Chamonix}},
	url = {http://www.atmos-chem-phys.net/16/13753/2016/},
	doi = {10.5194/acp-16-13753-2016},
	language = {en},
	number = {21},
	urldate = {2017-09-13},
	journal = {Atmospheric Chemistry and Physics},
	author = {Bonvalot, Lise and Tuna, Thibaut and Fagault, Yoann and Jaffrezo, Jean-Luc and Jacob, Véronique and Chevrier, Florie and Bard, Edouard},
	month = nov,
	year = {2016},
	pages = {13753--13772},
	file = {bonvalot2016estimating.pdf:/home/webersa/.zotero/zotero/a9vqf6mb.default/zotero/storage/6AA3DDDD/bonvalot2016estimating.pdf:application/pdf}
}

@techreport{anastasion_anastasion_nodate,
	title = {Anastasion - {Report} 2016.pdf},
	author = {Anastasion},
	file = {Anastasion - Anastasion - Report 2016.pdf.pdf:/home/webersa/.zotero/zotero/a9vqf6mb.default/zotero/storage/GHUABJJX/Anastasion - Anastasion - Report 2016.pdf.pdf:application/pdf}
}

@article{argyropoulos_source_2016,
	title = {Source apportionment of the redox activity of urban quasi-ultrafine particles ({PM}0.49) in {Thessaloniki} following the increased biomass burning due to the economic crisis in {Greece}},
	volume = {568},
	issn = {00489697},
	url = {http://linkinghub.elsevier.com/retrieve/pii/S0048969716311548},
	doi = {10.1016/j.scitotenv.2016.05.217},
	language = {en},
	urldate = {2017-03-13},
	journal = {Science of The Total Environment},
	author = {Argyropoulos, Georgios and Besis, Athanasios and Voutsa, Dimitra and Samara, Constantini and Sowlat, Mohammad Hossein and Hasheminassab, Sina and Sioutas, Constantinos},
	month = oct,
	year = {2016},
	pages = {124--136},
	file = {Argyropoulos G. (2016)_SA of the redox activity of urb PM0.49_Thessaloniki.pdf:/home/webersa/.zotero/zotero/a9vqf6mb.default/zotero/storage/URBRC8S3/Argyropoulos G. (2016)_SA of the redox activity of urb PM0.49_Thessaloniki.pdf:application/pdf}
}

@article{li_ultrafine_2002,
	title = {Ultrafine {Particulate} {Pollutants} {Induce} {Oxidative} {Stress} and {Mitochondrial} {Damage}},
	volume = {111},
	issn = {0091-6765},
	url = {http://www.ncbi.nlm.nih.gov/pmc/articles/PMC1241427/},
	doi = {10.1289/ehp.6000},
	language = {en},
	number = {4},
	urldate = {2017-06-01},
	journal = {Environmental Health Perspectives},
	author = {Li, Ning and Sioutas, Constantinos and Cho, Arthur and Schmitz, Debra and Misra, Chandan and Sempf, Joan and Wang, Meiying and Oberley, Terry and Froines, John and Nel, Andre},
	month = dec,
	year = {2002},
	pages = {455--460},
	file = {li2003ultrafine.pdf:/home/webersa/.zotero/zotero/a9vqf6mb.default/zotero/storage/H2NMBI4M/li2003ultrafine.pdf:application/pdf}
}

@article{bressi_sources_2014,
	title = {Sources and geographical origins of fine aerosols in {Paris} ({France})},
	volume = {14},
	issn = {1680-7324},
	url = {http://www.atmos-chem-phys.net/14/8813/2014/},
	doi = {10.5194/acp-14-8813-2014},
	language = {en},
	number = {16},
	urldate = {2017-03-24},
	journal = {Atmospheric Chemistry and Physics},
	author = {Bressi, M. and Sciare, J. and Ghersi, V. and Mihalopoulos, N. and Petit, J.-E. and Nicolas, J. B. and Moukhtar, S. and Rosso, A. and Féron, A. and Bonnaire, N. and Poulakis, E. and Theodosi, C.},
	month = aug,
	year = {2014},
	pages = {8813--8839},
	file = {Bressi et al. - 2014 - Sources and geographical origins of fine aerosols .pdf:/home/webersa/.zotero/zotero/a9vqf6mb.default/zotero/storage/RC2MQZTP/Bressi et al. - 2014 - Sources and geographical origins of fine aerosols .pdf:application/pdf}
}

@article{srivastava_speciation_2017,
	title = {Speciation of organic fraction does matter for source apportionment. {Part} 1: {A} one year study in {Grenoble} ({France}).},
	journal = {Science of the Total Environment, in prep.},
	author = {Srivastava, Deepchandra and Tomaz, F and Favez, Olivier and Lanzafame, G.M. and Golly, Benjamin and Besombes, Jean-Luc and Alleman, Laurent Y. and Jaffrezo, Jean-Luc and Jacob, Véronique and Perraudin, E and Villenave, E and Albinet, Alexandre},
	year = {2017}
}

@article{weber_attribution_2017,
	title = {Attribution of {Oxidative} {Potential} fractions to sources of atmospheric {PM}.},
	journal = {in prep.},
	author = {Weber, Samuël and Uzu, Gaëlle and Calas, Aude and Chevrier, Florie and Bégorre, Céline and Dunster, C. and Martin, JMF and Besombes, Jean-Luc and Kelly, Frank and Jaffrezo, Jean-Luc},
	year = {2017}
}

@article{caboche_development_2011,
	title = {Development of an in vitro method to estimate lung bioaccessibility of metals from atmospheric particles},
	volume = {13},
	issn = {1464-0325, 1464-0333},
	url = {http://xlink.rsc.org/?DOI=c0em00439a},
	doi = {10.1039/c0em00439a},
	language = {en},
	number = {3},
	urldate = {2017-06-08},
	journal = {Journal of Environmental Monitoring},
	author = {Caboche, Julien and Perdrix, Esperanza and Malet, Bruno and Alleman, Laurent Y.},
	year = {2011},
	pages = {621},
	file = {caboche2011development.pdf:/home/webersa/.zotero/zotero/a9vqf6mb.default/zotero/storage/5R3CP2GR/caboche2011development.pdf:application/pdf}
}

@article{paatero_least_1997,
	title = {Least squares formulation of robust non-negative factor analysis},
	volume = {37},
	url = {http://www.sciencedirect.com/science/article/pii/S0169743996000445},
	number = {1},
	urldate = {2017-06-01},
	journal = {Chemometrics and intelligent laboratory systems},
	author = {Paatero, Pentti},
	year = {1997},
	pages = {23--35},
	file = {paatero1997least.pdf:/home/webersa/.zotero/zotero/a9vqf6mb.default/zotero/storage/HSHQDFV3/paatero1997least.pdf:application/pdf}
}

@article{yang_spatial_2015,
	title = {Spatial variation and land use regression modeling of the oxidative potential of fine particles},
	volume = {123},
	issn = {0091-6765},
	url = {http://ehp.niehs.nih.gov/1408916},
	doi = {10.1289/ehp.1408916},
	number = {11},
	urldate = {2017-03-17},
	journal = {Environmental Health Perspectives},
	author = {Yang, Aileen and Wang, Meng and Eeftens, Marloes and Beelen, Rob and Dons, Evi and Leseman, Daan L.A.C. and Brunekreef, Bert and Cassee, Flemming R. and Janssen, Nicole A.H. and Hoek, Gerard},
	month = apr,
	year = {2015},
	file = {yang2015spatialLURPO.pdf:/home/webersa/.zotero/zotero/a9vqf6mb.default/zotero/storage/PIMF9GNC/yang2015spatialLURPO.pdf:application/pdf}
}

@article{yang_childrens_2016,
	title = {Children's respiratory health and oxidative potential of {PM}2.5: the {PIAMA} birth cohort study.},
	journal = {Occupational and Environmental Medicine.},
	author = {Yang, Aileen and Janssen, Nicole A H and Brunekreef, Bert and Cassee, Flemming R. and Hoek, Gerard and Gehring, U.},
	year = {2016}
}

@article{hogg_data_2010,
	title = {Data analysis recipes: {Fitting} a model to data},
	shorttitle = {Data analysis recipes},
	url = {http://arxiv.org/abs/1008.4686},
	abstract = {We go through the many considerations involved in fitting a model to data, using as an example the fit of a straight line to a set of points in a two-dimensional plane. Standard weighted least-squares fitting is only appropriate when there is a dimension along which the data points have negligible uncertainties, and another along which all the uncertainties can be described by Gaussians of known variance; these conditions are rarely met in practice. We consider cases of general, heterogeneous, and arbitrarily covariant two-dimensional uncertainties, and situations in which there are bad data (large outliers), unknown uncertainties, and unknown but expected intrinsic scatter in the linear relationship being fit. Above all we emphasize the importance of having a "generative model" for the data, even an approximate one. Once there is a generative model, the subsequent fitting is non-arbitrary because the model permits direct computation of the likelihood of the parameters or the posterior probability distribution. Construction of a posterior probability distribution is indispensible if there are "nuisance parameters" to marginalize away.},
	urldate = {2017-04-06},
	journal = {arXiv:1008.4686 [astro-ph, physics:physics]},
	author = {Hogg, David W. and Bovy, Jo and Lang, Dustin},
	month = aug,
	year = {2010},
	note = {arXiv: 1008.4686},
	keywords = {Astrophysics - Instrumentation and Methods for Astrophysics, Physics - Data Analysis, Statistics and Probability},
	annote = {Comment: a chapter from a non-existent book},
	file = {arXiv\:1008.4686 PDF:/home/webersa/.zotero/zotero/a9vqf6mb.default/zotero/storage/EHC5HBRU/Hogg et al. - 2010 - Data analysis recipes Fitting a model to data.pdf:application/pdf;arXiv.org Snapshot:/home/webersa/.zotero/zotero/a9vqf6mb.default/zotero/storage/VKNZAD6D/1008.html:text/html}
}

@article{waked_source_2014,
	title = {Source apportionment of {PM}$_{\textrm{10}}$ in a north-western {Europe} regional urban background site ({Lens}, {France}) using positive matrix factorization and including primary biogenic emissions},
	volume = {14},
	issn = {1680-7324},
	url = {http://www.atmos-chem-phys.net/14/3325/2014/},
	doi = {10.5194/acp-14-3325-2014},
	language = {en},
	number = {7},
	urldate = {2017-09-20},
	journal = {Atmospheric Chemistry and Physics},
	author = {Waked, A. and Favez, O. and Alleman, L. Y. and Piot, C. and Petit, J.-E. and Delaunay, T. and Verlinden, E. and Golly, B. and Besombes, J.-L. and Jaffrezo, J.-L. and Leoz-Garziandia, E.},
	month = apr,
	year = {2014},
	pages = {3325--3346},
	file = {waked2014source.pdf:/home/webersa/.zotero/zotero/a9vqf6mb.default/zotero/storage/9BFU478P/waked2014source.pdf:application/pdf}
}

@incollection{boucher_clouds_2013,
	title = {Clouds and aerosols},
	url = {http://pubman.mpdl.mpg.de/pubman/item/escidoc:2007900/component/escidoc:2007949/WG1AR5_Ch07SM_FINAL.pdf},
	urldate = {2017-05-31},
	booktitle = {Climate change 2013: the physical science basis. {Contribution} of {Working} {Group} {I} to the {Fifth} {Assessment} {Report} of the {Intergovernmental} {Panel} on {Climate} {Change}},
	publisher = {Cambridge University Press},
	author = {Boucher, Olivier and Randall, David and Artaxo, Paulo and Bretherton, Christopher and Feingold, Graham and Forster, Piers and Kerminen, V.-M. and Kondo, Yutaka and Liao, Hong and Lohmann, Ulrike and {others}},
	year = {2013},
	pages = {571--657}
}

@article{pope_iii_air_2004,
	title = {Air pollution and health-good news and bad},
	volume = {351},
	url = {https://www.researchgate.net/profile/C_Pope/publication/8358353_Air_Pollution_and_Health_-_Good_News_and_Bad/links/54411f4d0cf2a76a3cc7cac1/Air-Pollution-and-Health-Good-News-and-Bad.pdf},
	number = {11},
	urldate = {2017-09-19},
	journal = {New England journal of medicine},
	author = {Pope III, C. Arden},
	year = {2004},
	pages = {1132--1133},
	file = {pope2004.pdf:/home/webersa/.zotero/zotero/a9vqf6mb.default/zotero/storage/J2HNT7KR/pope2004.pdf:application/pdf}
}

@article{budyko_effect_1969,
	title = {The effect of solar radiation variations on the climate of the earth},
	volume = {21},
	url = {http://onlinelibrary.wiley.com/doi/10.1111/j.2153-3490.1969.tb00466.x/abstract},
	number = {5},
	urldate = {2016-12-10},
	journal = {Tellus},
	author = {Budyko, Mikhail I.},
	year = {1969},
	pages = {611--619},
	file = {budyko1969effect.pdf:/home/webersa/.zotero/zotero/a9vqf6mb.default/zotero/storage/KD383WXB/budyko1969effect.pdf:application/pdf}
}

@article{viana_source_2008,
	title = {Source apportionment of particulate matter in {Europe}: {A} review of methods and results},
	volume = {39},
	issn = {00218502},
	shorttitle = {Source apportionment of particulate matter in {Europe}},
	url = {http://linkinghub.elsevier.com/retrieve/pii/S0021850208001018},
	doi = {10.1016/j.jaerosci.2008.05.007},
	language = {en},
	number = {10},
	urldate = {2017-05-09},
	journal = {Journal of Aerosol Science},
	author = {Viana, M. and Kuhlbusch, T.A.J. and Querol, X. and Alastuey, A. and Harrison, R.M. and Hopke, P.K. and Winiwarter, W. and Vallius, M. and Szidat, S. and Prévôt, A.S.H. and Hueglin, C. and Bloemen, H. and Wåhlin, P. and Vecchi, R. and Miranda, A.I. and Kasper-Giebl, A. and Maenhaut, W. and Hitzenberger, R.},
	month = oct,
	year = {2008},
	pages = {827--849},
	file = {viana2008source.pdf:/home/webersa/.zotero/zotero/a9vqf6mb.default/zotero/storage/X9D6P4D2/viana2008source.pdf:application/pdf}
}

@article{nava_biomass_2015,
	title = {Biomass burning contributions estimated by synergistic coupling of daily and hourly aerosol composition records},
	volume = {511},
	issn = {00489697},
	url = {http://linkinghub.elsevier.com/retrieve/pii/S0048969714016167},
	doi = {10.1016/j.scitotenv.2014.11.034},
	language = {en},
	urldate = {2017-05-09},
	journal = {Science of The Total Environment},
	author = {Nava, S. and Lucarelli, F. and Amato, F. and Becagli, S. and Calzolai, G. and Chiari, M. and Giannoni, M. and Traversi, R. and Udisti, R.},
	month = apr,
	year = {2015},
	pages = {11--20},
	file = {nava2015biomass.pdf:/home/webersa/.zotero/zotero/a9vqf6mb.default/zotero/storage/Q8QIN434/nava2015biomass.pdf:application/pdf}
}

@article{duce_atmospheric_1976,
	title = {Atmospheric vanadium transport to the ocean},
	volume = {10},
	url = {http://www.sciencedirect.com/science/article/pii/0004698176902079},
	number = {11},
	urldate = {2017-05-11},
	journal = {Atmospheric Environment (1967)},
	author = {Duce, Robert A. and Hoffman, Gerald L.},
	year = {1976},
	pages = {989--996},
	file = {duce1976atmospheric_vanadium.pdf:/home/webersa/.zotero/zotero/a9vqf6mb.default/zotero/storage/5INDUUK2/duce1976atmospheric_vanadium.pdf:application/pdf}
}

@article{ayres_evaluating_2008,
	title = {Evaluating the {Toxicity} of {Airborne} {Particulate} {Matter} and {Nanoparticles} by {Measuring} {Oxidative} {Stress} {Potential}—{A} {Workshop} {Report} and {Consensus} {Statement}},
	volume = {20},
	issn = {0895-8378, 1091-7691},
	url = {http://www.tandfonline.com/doi/full/10.1080/08958370701665517},
	doi = {10.1080/08958370701665517},
	language = {en},
	number = {1},
	urldate = {2017-03-30},
	journal = {Inhalation Toxicology},
	author = {Ayres, Jon G. and Borm, Paul and Cassee, Flemming R. and Castranova, Vincent and Donaldson, Ken and Ghio, Andy and Harrison, Roy M. and Hider, Robert and Kelly, Frank and Kooter, Ingeborg M. and Marano, Francelyne and Maynard, Robert L. and Mudway, Ian and Nel, Andre and Sioutas, Constantinos and Smith, Steve and Baeza-Squiban, Armelle and Cho, Art and Duggan, Sean and Froines, John},
	month = jan,
	year = {2008},
	pages = {75--99},
	file = {Ayres et al 2008.pdf:/home/webersa/.zotero/zotero/a9vqf6mb.default/zotero/storage/FAMZERAR/Ayres et al 2008.pdf:application/pdf}
}

@phdthesis{westermann_2westermannthesisrevisedfinal.pdf_nodate,
	title = {2WestermannThesisRevisedFinal.pdf},
	author = {Westermann, Sebastian},
	file = {2WestermannThesisRevisedFinal.pdf:/home/webersa/.zotero/zotero/a9vqf6mb.default/zotero/storage/FTMQ826U/2WestermannThesisRevisedFinal.pdf:application/pdf}
}

@inproceedings{weber_nitrogens_2016,
	address = {Tours, France},
	title = {Nitrogen's stable isotopes as a proxy to determine ammonium sources in {PM} using a {Monte} {Carlo}'s simulation.},
	author = {Weber, Samuël and Golly, Benjamin and Favez, Olivier and Conil, Sebastien and Savarino, Joël and Jaffrezo, Jean-Luc},
	year = {2016}
}

@article{daanen_active-layer_2007,
	title = {Active-{Layer} {Hydrology} in {Nonsorted} {Circle} {Ecosystems} of the {Arctic} {Tundra}},
	volume = {6},
	issn = {1539-1663},
	url = {https://www.soils.org/publications/vzj/abstracts/6/4/694},
	doi = {10.2136/vzj2006.0173},
	language = {en},
	number = {4},
	urldate = {2016-11-15},
	journal = {Vadose Zone Journal},
	author = {Daanen, Ronald P. and Misra, Debasmita and Epstein, Howard},
	year = {2007},
	pages = {694},
	file = {daanen2007active.pdf:/home/webersa/.zotero/zotero/a9vqf6mb.default/zotero/storage/2A2PEEZK/daanen2007active.pdf:application/pdf}
}

@article{davies_novel_2003,
	title = {A novel method for assessing dissolution of aerosol inhaler products},
	volume = {255},
	issn = {03785173},
	url = {http://linkinghub.elsevier.com/retrieve/pii/S0378517303000917},
	doi = {10.1016/S0378-5173(03)00091-7},
	language = {en},
	number = {1-2},
	urldate = {2017-06-08},
	journal = {International Journal of Pharmaceutics},
	author = {Davies, Neal M and Feddah, Majid R},
	month = apr,
	year = {2003},
	pages = {175--187},
	file = {davies2003novel.pdf:/home/webersa/.zotero/zotero/a9vqf6mb.default/zotero/storage/987DRIP5/davies2003novel.pdf:application/pdf}
}

@article{sternbeck_metal_2002,
	title = {Metal emissions from road traffic and the influence of resuspension — results from two tunnel studies},
	volume = {36},
	url = {http://www.sciencedirect.com/science/article/pii/S1352231002005617},
	number = {30},
	urldate = {2017-05-09},
	journal = {Atmospheric Environment},
	author = {Sternbeck, John and Sjödin, Åke and Andréasson, Kenth},
	year = {2002},
	pages = {4735--4744},
	file = {sternbeck2002metal.pdf:/home/webersa/.zotero/zotero/a9vqf6mb.default/zotero/storage/P8UITF3R/sternbeck2002metal.pdf:application/pdf}
}

@article{zhu_analytical_2002,
	title = {Analytical solutions for steady state vertical infiltration: {TECHNICAL} {NOTE}},
	volume = {38},
	issn = {00431397},
	shorttitle = {Analytical solutions for steady state vertical infiltration},
	url = {http://doi.wiley.com/10.1029/2001WR000398},
	doi = {10.1029/2001WR000398},
	language = {en},
	number = {8},
	urldate = {2016-11-15},
	journal = {Water Resources Research},
	author = {Zhu, Jianting and Mohanty, Binayak P.},
	month = aug,
	year = {2002},
	pages = {20--1--20--5},
	file = {zhu2002analytical.pdf:/home/webersa/.zotero/zotero/a9vqf6mb.default/zotero/storage/QQXM6S9D/zhu2002analytical.pdf:application/pdf}
}

@article{johnson_field_2008,
	title = {Field observations of the ocean-atmosphere exchange of ammonia: {Fundamental} importance of temperature as revealed by a comparison of high and low latitudes: {OCEAN}-{ATMOSPHERE} {EXCHANGE} {OF} {AMMONIA}},
	volume = {22},
	issn = {08866236},
	shorttitle = {Field observations of the ocean-atmosphere exchange of ammonia},
	url = {http://doi.wiley.com/10.1029/2007GB003039},
	doi = {10.1029/2007GB003039},
	language = {en},
	number = {1},
	urldate = {2016-11-15},
	journal = {Global Biogeochemical Cycles},
	author = {Johnson, Martin T. and Liss, Peter S. and Bell, Thomas G. and Lesworth, Timothy J. and Baker, Alex R. and Hind, Andrew J. and Jickells, Timothy D. and Biswas, Karabi F. and Woodward, E. Malcolm S. and Gibb, Stuart W.},
	month = mar,
	year = {2008},
	pages = {n/a--n/a},
	file = {Johnson et al 2008.pdf:/home/webersa/.zotero/zotero/a9vqf6mb.default/zotero/storage/K9I9MCQ8/Johnson et al 2008.pdf:application/pdf}
}

@inproceedings{lane_water_1983,
	title = {Water balance calculations, water use efficiency, and aboveground net production},
	url = {http://arizona.openrepository.com/arizona/handle/10150/296085},
	urldate = {2016-11-15},
	booktitle = {Hydrology and {Water} {Resources} in {Arizona} and the {Southwest}},
	publisher = {Arizona-Nevada Academy of Science},
	author = {Lane, L. J. and Stone, J. J.},
	year = {1983},
	file = {lane1983water.pdf:/home/webersa/.zotero/zotero/a9vqf6mb.default/zotero/storage/VG796ZZQ/lane1983water.pdf:application/pdf}
}

@article{aymoz_evolution_2004,
	title = {Evolution of organic and inorganic components of aerosol during a {Saharan} dust episode observed in the {French} {Alps}},
	volume = {4},
	url = {http://www.atmos-chem-phys.net/4/2499/2004/acp-4-2499-2004.pdf},
	number = {11/12},
	urldate = {2017-09-20},
	journal = {Atmospheric Chemistry and Physics},
	author = {Aymoz, G. and Jaffrezo, J.-L. and Jacob, V. and Colomb, Aurélie and George, Ch},
	year = {2004},
	pages = {2499--2512},
	file = {Aymoz et al. - 2004 - Evolution of organic and inorganic components of a.pdf:/home/webersa/.zotero/zotero/a9vqf6mb.default/zotero/storage/CGDZZU3G/Aymoz et al. - 2004 - Evolution of organic and inorganic components of a.pdf:application/pdf}
}

@article{donaldson_free_1996,
	title = {Free radical activity associated with the surface of particles: a unifying factor in determining biological activity?},
	volume = {88},
	shorttitle = {Free radical activity associated with the surface of particles},
	url = {http://www.sciencedirect.com/science/article/pii/0378427496037526},
	number = {1-3},
	urldate = {2017-06-01},
	journal = {Toxicology letters},
	author = {Donaldson, Kenneth and Beswick, Paul H. and Gilmour, Peter S.},
	year = {1996},
	pages = {293--298},
	file = {donaldson1996free.pdf:/home/webersa/.zotero/zotero/a9vqf6mb.default/zotero/storage/REUU3PBP/donaldson1996free.pdf:application/pdf}
}

@article{asprou_effect_2014,
	title = {The {Effect} of {Variable} {Weights} in a {WLS} {State} {Estimator} {Considering} {Instrument} {Transformer} {Uncertainties}},
	volume = {63},
	issn = {0018-9456, 1557-9662},
	url = {http://ieeexplore.ieee.org/document/6680780/},
	doi = {10.1109/TIM.2013.2292138},
	number = {6},
	urldate = {2017-05-30},
	journal = {IEEE Transactions on Instrumentation and Measurement},
	author = {Asprou, Markos and Kyriakides, Elias and Albu, Mihaela},
	month = jun,
	year = {2014},
	pages = {1484--1495}
}

@article{zong_source_2016,
	title = {Source apportionment of {PM} 2.5 ; at a regional background site in {North} {China} using {PMF} linked with radiocarbon analysis: insight into the contribution of biomass burning},
	volume = {16},
	issn = {1680-7324},
	shorttitle = {Source apportionment of {PM}\&lt;sub\&gt;2.5\&lt;/sub\&gt; at a regional background site in {North} {China} using {PMF} linked with radiocarbon analysis},
	url = {http://www.atmos-chem-phys.net/16/11249/2016/},
	doi = {10.5194/acp-16-11249-2016},
	language = {en},
	number = {17},
	urldate = {2016-11-15},
	journal = {Atmospheric Chemistry and Physics},
	author = {Zong, Zheng and Wang, Xiaoping and Tian, Chongguo and Chen, Yingjun and Qu, Lin and Ji, Ling and Zhi, Guorui and Li, Jun and Zhang, Gan},
	month = sep,
	year = {2016},
	pages = {11249--11265},
	file = {source2016zong.pdf:/home/webersa/.zotero/zotero/a9vqf6mb.default/zotero/storage/Q4CQKEVI/source2016zong.pdf:application/pdf}
}

@article{van_genuchten_closed-form_1980,
	title = {A closed-form equation for prediction the hydraulic conductivity of unsaturated soils},
	volume = {44},
	journal = {Soil science society of america},
	author = {Van Genuchten, Martinus Th},
	year = {1980},
	file = {vanGenuchten1980closed-form.pdf:/home/webersa/.zotero/zotero/a9vqf6mb.default/zotero/storage/6RKFZK5T/vanGenuchten1980closed-form.pdf:application/pdf}
}

@book{hillel_1982_hillel_introduction_soil-physics.pdf_1982,
	title = {1982\_Hillel\_introduction\_soil-{Physics}.pdf},
	author = {Hillel},
	year = {1982},
	file = {1982_Hillel_introduction_soil-Physics.pdf:/home/webersa/.zotero/zotero/a9vqf6mb.default/zotero/storage/GG5CJ4WB/1982_Hillel_introduction_soil-Physics.pdf:application/pdf}
}

@article{garg_brake_2000,
	title = {Brake {Wear} {Particulate} {Matter} {Emissions}},
	volume = {34},
	issn = {0013-936X, 1520-5851},
	url = {http://pubs.acs.org/doi/abs/10.1021/es001108h},
	doi = {10.1021/es001108h},
	language = {en},
	number = {21},
	urldate = {2017-05-09},
	journal = {Environmental Science \& Technology},
	author = {Garg, Bhagwan D. and Cadle, Steven H. and Mulawa, Patricia A. and Groblicki, Peter J. and Laroo, Chris and Parr, Graham A.},
	month = nov,
	year = {2000},
	pages = {4463--4469},
	file = {garg2000break.pdf:/home/webersa/.zotero/zotero/a9vqf6mb.default/zotero/storage/CG5ZFS4Z/garg2000break.pdf:application/pdf}
}

@article{watson_biological_1983,
	title = {Biological homeostasis of the global environment: the parable of {Daisyworld}},
	volume = {35},
	shorttitle = {Biological homeostasis of the global environment},
	url = {http://onlinelibrary.wiley.com/doi/10.1111/j.1600-0889.1983.tb00031.x/abstract},
	number = {4},
	urldate = {2016-12-10},
	journal = {Tellus B},
	author = {Watson, Andrew J. and Lovelock, James E.},
	year = {1983},
	pages = {284--289},
	file = {watson1983biological.pdf:/home/webersa/.zotero/zotero/a9vqf6mb.default/zotero/storage/ZKHWMVER/watson1983biological.pdf:application/pdf}
}

@article{janssen_associations_2015,
	title = {Associations between three specific a-cellular measures of the oxidative potential of particulate matter and markers of acute airway and nasal inflammation in healthy volunteers},
	volume = {72},
	issn = {1351-0711, 1470-7926},
	url = {http://oem.bmj.com/lookup/doi/10.1136/oemed-2014-102303},
	doi = {10.1136/oemed-2014-102303},
	language = {en},
	number = {1},
	urldate = {2017-04-02},
	journal = {Occupational and Environmental Medicine},
	author = {Janssen, Nicole A H and Strak, Maciej and Yang, Aileen and Hellack, Bryan and Kelly, Frank J and Kuhlbusch, Thomas A J and Harrison, Roy M and Brunekreef, Bert and Cassee, Flemming R and Steenhof, Maaike and Hoek, Gerard},
	month = jan,
	year = {2015},
	pages = {49--56},
	file = {janssen2015associations.pdf:/home/webersa/.zotero/zotero/a9vqf6mb.default/zotero/storage/T7S6PQ8V/janssen2015associations.pdf:application/pdf}
}

@article{peters_translocation_2006,
	title = {Translocation and potential neurological effects of fine and ultrafine particles a critical update},
	volume = {3},
	url = {https://particleandfibretoxicology.biomedcentral.com/articles/10.1186/1743-8977-3-13},
	number = {1},
	urldate = {2017-06-01},
	journal = {Particle and fibre toxicology},
	author = {Peters, Annette and Veronesi, Bellina and Calderón-Garcidueñas, Lilian and Gehr, Peter and Chen, Lung Chi and Geiser, Marianne and Reed, William and Rothen-Rutishauser, Barbara and Schürch, Samuel and Schulz, Holger},
	year = {2006},
	pages = {13},
	file = {peters2006translocation.pdf:/home/webersa/.zotero/zotero/a9vqf6mb.default/zotero/storage/W4EUKGIC/peters2006translocation.pdf:application/pdf}
}

@article{david_felix_characterizing_2013,
	title = {Characterizing the isotopic composition of atmospheric ammonia emission sources using passive samplers and a combined oxidation-bacterial denitrifier approach: {Improved} method for isotope characterization of ammonia in air},
	volume = {27},
	issn = {09514198},
	shorttitle = {Characterizing the isotopic composition of atmospheric ammonia emission sources using passive samplers and a combined oxidation-bacterial denitrifier approach},
	url = {http://doi.wiley.com/10.1002/rcm.6679},
	doi = {10.1002/rcm.6679},
	language = {en},
	number = {20},
	urldate = {2016-11-15},
	journal = {Rapid Communications in Mass Spectrometry},
	author = {David Felix, J. and Elliott, Emily M. and Gish, Timothy J. and McConnell, Laura L. and Shaw, Stephanie L.},
	month = oct,
	year = {2013},
	pages = {2239--2246},
	file = {felix2013RCMS_characterizing.pdf:/home/webersa/.zotero/zotero/a9vqf6mb.default/zotero/storage/2V9GF2MI/felix2013RCMS_characterizing.pdf:application/pdf}
}

@article{charrier_oxidant_2015,
	title = {Oxidant production from source-oriented particulate matter \&amp;ndash; {Part} 1: {Oxidative} potential using the dithiothreitol ({DTT}) assay},
	volume = {15},
	issn = {1680-7324},
	shorttitle = {Oxidant production from source-oriented particulate matter \&amp;ndash; {Part} 1},
	url = {http://www.atmos-chem-phys.net/15/2327/2015/},
	doi = {10.5194/acp-15-2327-2015},
	language = {en},
	number = {5},
	urldate = {2017-04-02},
	journal = {Atmospheric Chemistry and Physics},
	author = {Charrier, J. G. and Richards-Henderson, N. K. and Bein, K. J. and McFall, A. S. and Wexler, A. S. and Anastasio, C.},
	month = mar,
	year = {2015},
	pages = {2327--2340},
	file = {charrier2015oxydant.pdf:/home/webersa/.zotero/zotero/a9vqf6mb.default/zotero/storage/KXVWB652/charrier2015oxydant.pdf:application/pdf}
}

@book{jedynska_spatial_2016,
	title = {Spatial variations and development of land use regression models of {PAH}, {EC}/{OC}, levoglucosan and oxidative potential of {PM}2.5 in {European} study areas},
	isbn = {978-90-393-6499-4},
	abstract = {It has been shown that human exposure to air pollution causes adverse health effects. The most used indicator of air quality is the concentration of particulate matter with diameters smaller than 2.5 or 10 µm (PM2.5, PM10, respectively). PM is a chemically complex mixture and it has been suggested that observed adverse health effects depend on PM chemical composition. Most studies of PM composition have investigated short term health effects. Recently, the ESCAPE project (www.escapeproject.eu) contributed knowledge of adverse health effects of long term exposure to PM elemental constituents. Little is known about health effects caused by long-term exposure to organic PM components. The thesis contributes to characterization of air quality by monitoring and modelling of organic components and oxidative potential. Its main goals were: - Determination of the spatial contrast of the ambient concentration of organic components (EC/OC, PAH and hopanes/steranes, levoglucosan) and oxidative potential measured with dithiothreitol assay (OP DTT) within and between ten European study areas. - Assessment of the relationship between those components with other components measured more routinely (NO2, NOx, PM2.5 mass and absorbance). - Development and evaluation of Land use Regression models of spatial variation of the measured air pollutants. Substantial spatial variability was found for all measured pollutants. EC, OC and OP DTT concentrations had similar patterns in Europe as the previously reported components: NO2, PM2.5 and PM absorbance. The highest concentrations for those pollutants were found in southern Europe. ΣPAH and levoglucosan exhibited a different trend. In southern and northern Europe ΣPAH concentrations were similar with the highest concentrations in Copenhagen, Rome and Athens. Levoglucosan concentrations (marker for wood burning) did not differ significantly between the four study areas. The contribution of wood-smoke calculated based on levoglucosan measurements to PM2.5 mass was 9 to 28\% in the cold season. Concentrations of all pollutants were higher at street locations. The highest median Street to urban background ratio was found for EC (1.62). The median S/UB ratio for ΣPAH and OC was lower (1.44 and 1.32, respectively) suggesting the importance of other sources in addition to local traffic. The correlation between PM2.5and most components was moderate on average, suggesting they provide additional information on air quality. The highest median explained variance (R2) was found for EC – 84\%. PAH and OC LUR models had moderate performance. The lowest performance was for OP DTT – 30\%. Levoglucosan models had moderate performance in all four areas, but models were non-specific as we did not have predictor variables associated with wood smoke emissions. Traffic predictors were included in most models with exception to levoglucosan model. In conclusion, substantial variability was found in spatial patterns of all investigates air pollutants both within and between European study areas. The application of this highly standardized measurement and modelling approach across different locations will contribute to a consistent assessment of air pollutant levels and potentially contribute to understanding health effects associated with them.},
	language = {English},
	publisher = {Utrecht University},
	author = {Jedynska, Aleksandra},
	year = {2016},
	note = {OCLC: 6893365684},
	file = {Jedynska - 2016 - Spatial variations and development of land use reg.pdf:/home/webersa/.zotero/zotero/a9vqf6mb.default/zotero/storage/AUF2EV82/Jedynska - 2016 - Spatial variations and development of land use reg.pdf:application/pdf}
}

@article{yttri_elemental_2007,
	title = {Elemental and organic carbon in {PM} 10: a one year measurement campaign within the {European} {Monitoring} and {Evaluation} {Programme} {EMEP}},
	volume = {7},
	shorttitle = {Elemental and organic carbon in {PM} 10},
	url = {http://www.atmos-chem-phys.net/7/5711/2007/},
	number = {22},
	urldate = {2017-05-09},
	journal = {Atmospheric Chemistry and Physics},
	author = {Yttri, K. E. and Aas, W. and Bjerke, A. and Cape, J. N. and Cavalli, F. and Ceburnis, D. and Dye, C. and Emblico, L. and Facchini, M. C. and Forster, C. and {others}},
	year = {2007},
	pages = {5711--5725},
	file = {yttri2010ambient.pdf:/home/webersa/.zotero/zotero/a9vqf6mb.default/zotero/storage/QZXUZEBQ/yttri2010ambient.pdf:application/pdf}
}

@article{lin_aerosol_2016,
	title = {Aerosol isotopic ammonium signatures over the remote {Atlantic} {Ocean}},
	volume = {133},
	issn = {13522310},
	url = {http://linkinghub.elsevier.com/retrieve/pii/S135223101630190X},
	doi = {10.1016/j.atmosenv.2016.03.020},
	language = {en},
	urldate = {2016-11-15},
	journal = {Atmospheric Environment},
	author = {Lin, C.T. and Jickells, T.D. and Baker, A.R. and Marca, A. and Johnson, M.T.},
	month = may,
	year = {2016},
	pages = {165--169},
	file = {lin2016aerosolsisotopique.pdf:/home/webersa/.zotero/zotero/a9vqf6mb.default/zotero/storage/6WS7QMQS/lin2016aerosolsisotopique.pdf:application/pdf}
}

@article{moreno_variations_2010,
	title = {Variations in vanadium, nickel and lanthanoid element concentrations in urban air},
	volume = {408},
	issn = {00489697},
	url = {http://linkinghub.elsevier.com/retrieve/pii/S0048969710006212},
	doi = {10.1016/j.scitotenv.2010.06.016},
	language = {en},
	number = {20},
	urldate = {2017-05-11},
	journal = {Science of The Total Environment},
	author = {Moreno, Teresa and Querol, Xavier and Alastuey, Andrés and de la Rosa, Jesús and Sánchez de la Campa, Ana María and Minguillón, MariCruz and Pandolfi, Marco and González-Castanedo, Yolanda and Monfort, Eliseo and Gibbons, Wes},
	month = sep,
	year = {2010},
	pages = {4569--4579},
	file = {moreno2010variation_in_vanadium.pdf:/home/webersa/.zotero/zotero/a9vqf6mb.default/zotero/storage/EB4BI5ZJ/moreno2010variation_in_vanadium.pdf:application/pdf}
}

@article{song_source_2006-1,
	title = {Source apportionment of {PM}2.5 in {Beijing} using principal component analysis/absolute principal component scores and {UNMIX}},
	volume = {372},
	issn = {00489697},
	url = {http://linkinghub.elsevier.com/retrieve/pii/S0048969706006760},
	doi = {10.1016/j.scitotenv.2006.08.041},
	language = {en},
	number = {1},
	urldate = {2017-09-28},
	journal = {Science of The Total Environment},
	author = {Song, Yu and Xie, Shaodong and Zhang, Yuanhang and Zeng, Limin and Salmon, Lynn G. and Zheng, Mei},
	month = dec,
	year = {2006},
	pages = {278--286},
	file = {song2006b.pdf:/home/webersa/.zotero/zotero/a9vqf6mb.default/zotero/storage/CDM4TPTQ/song2006b.pdf:application/pdf}
}

@incollection{sauvain_differentiated_2009,
	title = {Differentiated {Chemical} {Reactivity} of {Nanoparticles} toward {DTT}.},
	url = {http://www.atsjournals.org/doi/pdf/10.1164/ajrccm-conference.2009.179.1_MeetingAbstracts.A5258},
	urldate = {2017-09-19},
	booktitle = {C105. {NANOMATERIALS}: {LITTLE} {PARTICLES}, {BIG} {IMPACT}},
	publisher = {Am Thoracic Soc},
	author = {Sauvain, J. and Sanchez-Sandoval Hohl, M. and Riediker, M.},
	year = {2009},
	pages = {A5258},
	file = {sauvain2009_conf.pdf:/home/webersa/.zotero/zotero/a9vqf6mb.default/zotero/storage/GJUV76S2/sauvain2009_conf.pdf:application/pdf}
}

@article{alleman_pm10_2010,
	title = {{PM}10 metal concentrations and source identification using positive matrix factorization and wind sectoring in a {French} industrial zone},
	volume = {96},
	issn = {01698095},
	url = {http://linkinghub.elsevier.com/retrieve/pii/S0169809510000451},
	doi = {10.1016/j.atmosres.2010.02.008},
	language = {en},
	number = {4},
	urldate = {2017-05-09},
	journal = {Atmospheric Research},
	author = {Alleman, Laurent Y. and Lamaison, Laure and Perdrix, Esperanza and Robache, Antoine and Galloo, Jean-Claude},
	month = jun,
	year = {2010},
	pages = {612--625},
	file = {alleman2010PM10.pdf:/home/webersa/.zotero/zotero/a9vqf6mb.default/zotero/storage/RN68GFMC/alleman2010PM10.pdf:application/pdf}
}

@article{pinazo-duran_oxidative_2014,
	title = {Oxidative stress and its downstream signaling in aging eyes},
	issn = {1178-1998},
	url = {http://www.dovepress.com/oxidative-stress-and-its-downstream-signaling-in-aging-eyes-peer-reviewed-article-CIA},
	doi = {10.2147/CIA.S52662},
	language = {en},
	urldate = {2017-06-21},
	journal = {Clinical Interventions in Aging},
	author = {Pinazo-duran, Maria and Gallego-Pinazo, Roberto and Garc?a-Medina, Jose Javier and Zanon-Moreno, Vicente and Nucci, Carlo and Dolz-Marco, Rosa and Martinez-Castillo, Sebastian and Carmen Galbis, Carmen and Diaz-Llopis, Manuel and Marco, Carla and Galarreta, David and Lopez-Galvez, M Isabel},
	month = apr,
	year = {2014},
	pages = {637},
	file = {Pinazo-duran et al. - 2014 - Oxidative stress and its downstream signaling in a.pdf:/home/webersa/.zotero/zotero/a9vqf6mb.default/zotero/storage/GG9R5ZWK/Pinazo-duran et al. - 2014 - Oxidative stress and its downstream signaling in a.pdf:application/pdf}
}

@article{cavalli_european_2016,
	title = {A {European} aerosol phenomenology -4: {Harmonized} concentrations of carbonaceous aerosol at 10 regional background sites across {Europe}},
	volume = {144},
	issn = {13522310},
	shorttitle = {A {European} aerosol phenomenology -4},
	url = {http://linkinghub.elsevier.com/retrieve/pii/S1352231016305702},
	doi = {10.1016/j.atmosenv.2016.07.050},
	language = {en},
	urldate = {2017-09-20},
	journal = {Atmospheric Environment},
	author = {Cavalli, F. and Alastuey, A. and Areskoug, H. and Ceburnis, D. and Čech, J. and Genberg, J. and Harrison, R.M. and Jaffrezo, J.L. and Kiss, G. and Laj, P. and Mihalopoulos, N. and Perez, N. and Quincey, P. and Schwarz, J. and Sellegri, K. and Spindler, G. and Swietlicki, E. and Theodosi, C. and Yttri, K.E. and Aas, W. and Putaud, J.P.},
	month = nov,
	year = {2016},
	pages = {133--145},
	file = {cavalli2016.pdf:/home/webersa/.zotero/zotero/a9vqf6mb.default/zotero/storage/RNBAI47M/cavalli2016.pdf:application/pdf}
}

@article{katz_extreme_1992,
	title = {Extreme events in a changing climate: {Variability} is more important than averages},
	volume = {21},
	issn = {0165-0009, 1573-1480},
	shorttitle = {Extreme events in a changing climate},
	url = {http://link.springer.com/10.1007/BF00139728},
	doi = {10.1007/BF00139728},
	language = {en},
	number = {3},
	urldate = {2016-12-11},
	journal = {Climatic Change},
	author = {Katz, Richard W. and Brown, Barbara G.},
	month = jul,
	year = {1992},
	pages = {289--302},
	file = {Katz Brown 1992.pdf:/home/webersa/.zotero/zotero/a9vqf6mb.default/zotero/storage/UQVXVQKX/Katz Brown 1992.pdf:application/pdf}
}

@article{pio_climatology_2007,
	title = {Climatology of aerosol composition (organic versus inorganic) at nonurban sites on a west-east transect across {Europe}},
	volume = {112},
	issn = {0148-0227},
	url = {http://doi.wiley.com/10.1029/2006JD008038},
	doi = {10.1029/2006JD008038},
	language = {en},
	number = {D23},
	urldate = {2017-05-09},
	journal = {Journal of Geophysical Research},
	author = {Pio, C. A. and Legrand, M. and Oliveira, T. and Afonso, J. and Santos, C. and Caseiro, A. and Fialho, P. and Barata, F. and Puxbaum, H. and Sanchez-Ochoa, A. and Kasper-Giebl, A. and Gelencsér, A. and Preunkert, S. and Schock, M.},
	month = sep,
	year = {2007},
	file = {pio2007climatology.pdf:/home/webersa/.zotero/zotero/a9vqf6mb.default/zotero/storage/HZIGXMBX/pio2007climatology.pdf:application/pdf}
}

@article{chevrier_decombio-contribution_2016,
	title = {{DECOMBIO}-{Contribution} de la combustion de la biomasse aux {PM}10 en vallée de l’{Arve}: mise en place et qualification d’un dispositif de suivi},
	shorttitle = {{DECOMBIO}-{Contribution} de la combustion de la biomasse aux {PM}10 en vallée de l’{Arve}},
	url = {http://lodel.irevues.inist.fr/pollution-atmospherique/index.php?id=5952},
	urldate = {2017-09-19},
	journal = {2268-3798},
	author = {Chevrier, Florie and Ježek, Irena and Brulfert, Guillaume and MOčnik, Grisa and Marchand, Nicolas and Jaffrezo, Jean-Luc and Besombes, Jean-Luc},
	year = {2016},
	file = {DECOMBIO_2016.pdf:/home/webersa/.zotero/zotero/a9vqf6mb.default/zotero/storage/RR3AXIXS/DECOMBIO_2016.pdf:application/pdf}
}

@book{seinfield_atmospheric_1998,
	title = {Atmospheric chemistry and physics: from air pollution to climate change},
	publisher = {Wiley},
	author = {Seinfield, John H and Spandis, Pyros N},
	year = {1998}
}

@article{sabatier_positivity_1977,
	title = {Positivity constraints in linear inverse problems—{I}. {General} theory},
	volume = {48},
	url = {http://gji.oxfordjournals.org/content/48/3/415.short},
	number = {3},
	urldate = {2017-03-02},
	journal = {Geophysical Journal International},
	author = {Sabatier, P. C.},
	year = {1977},
	pages = {415--441},
	file = {48-3-415.pdf:/home/webersa/.zotero/zotero/a9vqf6mb.default/zotero/storage/4CKAJHE8/48-3-415.pdf:application/pdf}
}

@article{delfino_potential_2005,
	title = {Potential {Role} of {Ultrafine} {Particles} in {Associations} between {Airborne} {Particle} {Mass} and {Cardiovascular} {Health}},
	volume = {113},
	issn = {0091-6765},
	url = {http://www.ncbi.nlm.nih.gov/pmc/articles/PMC1280331/},
	doi = {10.1289/ehp.7938},
	language = {en},
	number = {8},
	urldate = {2017-06-01},
	journal = {Environmental Health Perspectives},
	author = {Delfino, Ralph J. and Sioutas, Constantinos and Malik, Shaista},
	month = mar,
	year = {2005},
	pages = {934--946},
	file = {delfino2005potential.pdf:/home/webersa/.zotero/zotero/a9vqf6mb.default/zotero/storage/4VDUDUCZ/delfino2005potential.pdf:application/pdf}
}

@article{steenhof_vitro_2011,
	title = {In vitro toxicity of particulate matter ({PM}) collected at different sites in the {Netherlands} is associated with {PM} composition, size fraction and oxidative potential-the {RAPTES} project},
	volume = {8},
	url = {https://particleandfibretoxicology.biomedcentral.com/articles/10.1186/1743-8977-8-26},
	number = {1},
	urldate = {2017-04-01},
	journal = {Particle and fibre toxicology},
	author = {Steenhof, Maaike and Gosens, Ilse and Strak, Maciej and Godri, Krystal J. and Hoek, Gerard and Cassee, Flemming R. and Mudway, Ian S. and Kelly, Frank J. and Harrison, Roy M. and Lebret, Erik and {others}},
	year = {2011},
	pages = {26},
	file = {steenhof2011invitro.pdf:/home/webersa/.zotero/zotero/a9vqf6mb.default/zotero/storage/6MRE6ZZ4/steenhof2011invitro.pdf:application/pdf}
}

@article{janssen_oxidative_2014,
	title = {Oxidative potential of particulate matter collected at sites with different source characteristics},
	volume = {472},
	issn = {00489697},
	url = {http://linkinghub.elsevier.com/retrieve/pii/S0048969713014022},
	doi = {10.1016/j.scitotenv.2013.11.099},
	language = {en},
	urldate = {2017-03-13},
	journal = {Science of The Total Environment},
	author = {Janssen, Nicole A.H. and Yang, Aileen and Strak, Maciej and Steenhof, Maaike and Hellack, Bryan and Gerlofs-Nijland, Miriam E. and Kuhlbusch, Thomas and Kelly, Frank and Harrison, Roy and Brunekreef, Bert and Hoek, Gerard and Cassee, Flemming},
	month = feb,
	year = {2014},
	pages = {572--581},
	file = {Janssen N. A. H. (2014)_OP of PM collected at sites with different source characteristics.pdf:/home/webersa/.zotero/zotero/a9vqf6mb.default/zotero/storage/SJ8I7G4R/Janssen N. A. H. (2014)_OP of PM collected at sites with different source characteristics.pdf:application/pdf}
}

@article{li_adjuvant_2009,
	title = {The {Adjuvant} {Effect} of {Ambient} {Particulate} {Matter} {Is} {Closely} {Reflected} by the {Particulate} {Oxidant} {Potential}},
	volume = {117},
	issn = {0091-6765},
	url = {http://ehp.niehs.nih.gov/0800319},
	doi = {10.1289/ehp.0800319},
	language = {en},
	number = {7},
	urldate = {2017-06-01},
	journal = {Environmental Health Perspectives},
	author = {Li, Ning and Wang, Meiying and Bramble, Lori A. and Schmitz, Debra A. and Schauer, James J. and Sioutas, Constantinos and Harkema, Jack R. and Nel, Andre E.},
	month = jul,
	year = {2009},
	pages = {1116--1123},
	file = {li2009adjuvant.pdf:/home/webersa/.zotero/zotero/a9vqf6mb.default/zotero/storage/7B23ID4V/li2009adjuvant.pdf:application/pdf}
}

@article{middle_recharge_1990,
	title = {Recharge rates and aquifer hydraulic characteristics for selected drainage basins in middle and east {Tennessee}},
	url = {http://www2.tntech.edu/wrc/DuckRiverManual/wrir_90-4015.pdf},
	urldate = {2016-11-15},
	author = {MIDDLE, IN},
	year = {1990},
	file = {hoos2005recharge.pdf:/home/webersa/.zotero/zotero/a9vqf6mb.default/zotero/storage/7WG73MT3/hoos2005recharge.pdf:application/pdf}
}

@article{goix_metal_2016,
	title = {Metal concentration and bioaccessibility in different particle sizes of dust and aerosols to refine metal exposure assessment},
	volume = {317},
	issn = {03043894},
	url = {http://linkinghub.elsevier.com/retrieve/pii/S0304389416305271},
	doi = {10.1016/j.jhazmat.2016.05.083},
	language = {en},
	urldate = {2017-04-02},
	journal = {Journal of Hazardous Materials},
	author = {Goix, Sylvaine and Uzu, Gaëlle and Oliva, Priscia and Barraza, Fiorella and Calas, Aude and Castet, Sylvie and Point, David and Masbou, Jeremy and Duprey, Jean-Louis and Huayta, Carlos and Chincheros, Jaime and Gardon, Jacques},
	month = nov,
	year = {2016},
	pages = {552--562},
	file = {goix2016metal.pdf:/home/webersa/.zotero/zotero/a9vqf6mb.default/zotero/storage/95RAGSV2/goix2016metal.pdf:application/pdf}
}

@article{sauvain_nanoparticle_2008,
	title = {Nanoparticle reactivity toward dithiothreitol},
	volume = {2},
	issn = {1743-5390, 1743-5404},
	url = {http://www.tandfonline.com/doi/full/10.1080/17435390802245716},
	doi = {10.1080/17435390802245716},
	language = {en},
	number = {3},
	urldate = {2017-05-12},
	journal = {Nanotoxicology},
	author = {Sauvain, Jean-Jacques and Deslarzes, Simon and Riediker, Michael},
	month = jan,
	year = {2008},
	pages = {121--129},
	file = {sauvain2008nanoparticle.pdf:/home/webersa/.zotero/zotero/a9vqf6mb.default/zotero/storage/F89XSSBK/sauvain2008nanoparticle.pdf:application/pdf}
}

@article{rouil_episodes_2015,
	title = {Épisodes de pollution particulaire en {France}: quels enseignements tirer des récents épisodes? {Particulate} air pollution episodes in {France}: lessons learnt from recent episodes},
	volume = {101},
	shorttitle = {Épisodes de pollution particulaire en {France}},
	url = {http://www.appa.asso.fr/_docs/1/fckeditor/file/Revues/PollutionAtmospherique/HS_pointes/Rouil.pdf},
	urldate = {2016-11-15},
	journal = {Pollution atmosphérique},
	author = {ROUÏL, Laurence and BESSAGNET, Bertrand and FAVEZ, Olivier and LEOZ-GARZIANDIA, Eva and MELEUX, Frédérik},
	year = {2015},
	file = {rouil depassement Pollu Atmo.pdf:/home/webersa/.zotero/zotero/a9vqf6mb.default/zotero/storage/RFHACH27/rouil depassement Pollu Atmo.pdf:application/pdf}
}

@article{karlgaard_degrading_2008,
	title = {Degrading palsa mires in northern {Europe}: changing vegetation in an altering climate and its potential impact on greenhouse gas fluxes},
	shorttitle = {Degrading palsa mires in northern {Europe}},
	url = {http://lup.lub.lu.se/record/1890250},
	urldate = {2016-11-15},
	journal = {Lunds universitets Naturgeografiska institution-Seminarieuppsatser},
	author = {Karlg\{{\textbackslash}aa\}rd, Julia},
	year = {2008},
	file = {karlgard2008degrading.pdf:/home/webersa/.zotero/zotero/a9vqf6mb.default/zotero/storage/TH3S34ZV/karlgard2008degrading.pdf:application/pdf}
}

@article{pacyna_assessment_2001,
	title = {An assessment of global and regional emissions of trace metals to the atmosphere from anthropogenic sources worldwide},
	volume = {9},
	issn = {12086053, 11818700},
	url = {http://www.nrc.ca/cgi-bin/cisti/journals/rp/rp2_abst_e?er_a01-012_9_ns_nf_er9-01},
	doi = {10.1139/er-9-4-269},
	number = {4},
	urldate = {2017-05-11},
	journal = {Environmental Reviews},
	author = {Pacyna, J.M. and Pacyna, E.G.},
	year = {2001},
	pages = {269--298},
	file = {pacyna2001assessment.pdf:/home/webersa/.zotero/zotero/a9vqf6mb.default/zotero/storage/SQJHFHCK/pacyna2001assessment.pdf:application/pdf}
}

@article{calas_importance_2017,
	title = {The importance of simulated lung fluid ({SLF}) extractions for a more relevant evaluation of the oxidative potential of particulate matter},
	volume = {7},
	issn = {2045-2322},
	url = {http://www.nature.com/articles/s41598-017-11979-3},
	doi = {10.1038/s41598-017-11979-3},
	language = {en},
	number = {1},
	urldate = {2017-09-19},
	journal = {Scientific Reports},
	author = {Calas, Aude and Uzu, Gaëlle and Martins, Jean M. F. and Voisin, Didier and Spadini, Lorenzo and Lacroix, Thomas and Jaffrezo, Jean-Luc},
	month = aug,
	year = {2017},
	file = {calas2017a.pdf:/home/webersa/.zotero/zotero/a9vqf6mb.default/zotero/storage/TQ6SAGQE/calas2017a.pdf:application/pdf;calas2017a_SI.doc:/home/webersa/.zotero/zotero/a9vqf6mb.default/zotero/storage/GAF6JV2G/calas2017a_SI.doc:application/msword}
}

@article{watson_receptor_2004,
	title = {Receptor {Modeling} for {Air} {Quality} {Management}},
	url = {https://www.researchgate.net/publication/235341835_Receptor_Modeling_for_Air_Quality_Management},
	doi = {10.1016/S0922-3487(08)70127-8},
	language = {en},
	urldate = {2017-05-05},
	journal = {Air and Waste Management Association's Magazine for Environnmental Managers},
	author = {Watson, John G. and Chow, Judith C.},
	year = {2004},
	pages = {83--116},
	file = {WatsonandChow2004EMRecModelReview.pdf:/home/webersa/.zotero/zotero/a9vqf6mb.default/zotero/storage/F38JIQHJ/WatsonandChow2004EMRecModelReview.pdf:application/pdf}
}

@article{ntziachristos_relationship_2007,
	title = {Relationship between redox activity and chemical speciation of size-fractionated particulate matter},
	volume = {4},
	issn = {17438977},
	url = {http://particleandfibretoxicology.biomedcentral.com/articles/10.1186/1743-8977-4-5},
	doi = {10.1186/1743-8977-4-5},
	number = {1},
	urldate = {2017-09-19},
	journal = {Particle and Fibre Toxicology},
	author = {Ntziachristos, Leonidas and Froines, John R and Cho, Arthur K and Sioutas, Constantinos},
	year = {2007},
	pages = {5},
	file = {ntziachristos2007.pdf:/home/webersa/.zotero/zotero/a9vqf6mb.default/zotero/storage/7HVRZ5GW/ntziachristos2007.pdf:application/pdf}
}

@article{westermann_simulating_2016,
	title = {Simulating the thermal regime and thaw processes of ice-rich permafrost ground with the land-surface model {CryoGrid} 3},
	volume = {9},
	issn = {1991-9603},
	url = {http://www.geosci-model-dev.net/9/523/2016/},
	doi = {10.5194/gmd-9-523-2016},
	language = {en},
	number = {2},
	urldate = {2016-11-15},
	journal = {Geoscientific Model Development},
	author = {Westermann, S. and Langer, M. and Boike, J. and Heikenfeld, M. and Peter, M. and Etzelmüller, B. and Krinner, G.},
	month = feb,
	year = {2016},
	pages = {523--546},
	file = {westermann2016cryogrid3.pdf:/home/webersa/.zotero/zotero/a9vqf6mb.default/zotero/storage/JVGECNWG/westermann2016cryogrid3.pdf:application/pdf}
}

@article{bates_sources_2013,
	title = {Sources and health effects of reactive oxygen species in atlanta air pollution},
	url = {http://dev.georgiaenet.com/wp-content/uploads/2015/01/Bates-grad.pdf},
	urldate = {2017-02-17},
	author = {Bates, Josephine},
	year = {2013},
	file = {Bates-grad.pdf:/home/webersa/.zotero/zotero/a9vqf6mb.default/zotero/storage/98DNZWDN/Bates-grad.pdf:application/pdf}
}

@article{schaap_rosetta:_2001,
	title = {Rosetta: {A} computer program for estimating soil hydraulic parameters with hierarchical pedotransfer functions},
	volume = {251},
	shorttitle = {Rosetta},
	url = {http://www.sciencedirect.com/science/article/pii/S0022169401004668},
	number = {3},
	urldate = {2016-11-15},
	journal = {Journal of hydrology},
	author = {Schaap, Marcel G. and Leij, Feike J. and Van Genuchten, Martinus Th},
	year = {2001},
	pages = {163--176},
	file = {schaap2001ROSETTA.pdf:/home/webersa/.zotero/zotero/a9vqf6mb.default/zotero/storage/96GINBQC/schaap2001ROSETTA.pdf:application/pdf}
}

@article{mircea_importance_2005,
	title = {Importance of the organic aerosol fraction for modeling aerosol hygroscopic growth and activation: a case study in the {Amazon} {Basin}},
	volume = {5},
	shorttitle = {Importance of the organic aerosol fraction for modeling aerosol hygroscopic growth and activation},
	url = {http://www.atmos-chem-phys.net/5/3111/2005/},
	number = {11},
	urldate = {2016-11-29},
	journal = {Atmospheric Chemistry and Physics},
	author = {Mircea, M. and Facchini, M. C. and Decesari, S. and Cavalli, F. and Emblico, L. and Fuzzi, S. and Vestin, Anders and Rissler, Jenny and Swietlicki, Erik and Frank, Göran and {others}},
	year = {2005},
	pages = {3111--3126},
	file = {acp-5-3111-2005.pdf:/home/webersa/.zotero/zotero/a9vqf6mb.default/zotero/storage/K53AERE5/acp-5-3111-2005.pdf:application/pdf}
}

@article{donaldson_oxidative_2003,
	title = {Oxidative stress and calcium signaling in the adverse effects of environmental particles ({PM}10)},
	volume = {34},
	issn = {08915849},
	url = {http://linkinghub.elsevier.com/retrieve/pii/S0891584903001503},
	doi = {10.1016/S0891-5849(03)00150-3},
	language = {en},
	number = {11},
	urldate = {2017-06-01},
	journal = {Free Radical Biology and Medicine},
	author = {Donaldson, Ken and Stone, Vicki and Borm, Paul J.A. and Jimenez, Luis A. and Gilmour, Peter S. and Schins, Roel P.F. and Knaapen, Ad M. and Rahman, Irfan and Faux, Stephen P. and Brown, David M. and MacNee, William},
	month = jun,
	year = {2003},
	pages = {1369--1382},
	file = {donaldson2003role.pdf:/home/webersa/.zotero/zotero/a9vqf6mb.default/zotero/storage/FWR4NZ4K/donaldson2003role.pdf:application/pdf}
}

@article{isaksen_degrading_2011,
	title = {Degrading {Mountain} {Permafrost} in {Southern} {Norway}: {Spatial} and {Temporal} {Variability} of {Mean} {Ground} {Temperatures}, 1999-2009: {Degrading} {Mountain} {Permafrost} in {Southern} {Norway}},
	volume = {22},
	issn = {10456740},
	shorttitle = {Degrading {Mountain} {Permafrost} in {Southern} {Norway}},
	url = {http://doi.wiley.com/10.1002/ppp.728},
	doi = {10.1002/ppp.728},
	language = {en},
	number = {4},
	urldate = {2016-11-15},
	journal = {Permafrost and Periglacial Processes},
	author = {Isaksen, Ketil and Ødegård, Rune Strand and Etzelmüller, Bernd and Hilbich, Christin and Hauck, Christian and Farbrot, Herman and Eiken, Trond and Hygen, Hans Olav and Hipp, Tobias Florian},
	month = oct,
	year = {2011},
	pages = {361--377},
	file = {isaksen2011degrading.pdf:/home/webersa/.zotero/zotero/a9vqf6mb.default/zotero/storage/V2WTMW3C/isaksen2011degrading.pdf:application/pdf}
}

@article{charrier_dithiothreitol_2012,
	title = {On dithiothreitol ({DTT}) as a measure of oxidative potential for ambient particles: evidence for the importance of soluble transition metals},
	volume = {12},
	issn = {1680-7375},
	shorttitle = {On dithiothreitol ({DTT}) as a measure of oxidative potential for ambient particles},
	url = {http://www.atmos-chem-phys-discuss.net/12/11317/2012/},
	doi = {10.5194/acpd-12-11317-2012},
	language = {en},
	number = {5},
	urldate = {2017-03-30},
	journal = {Atmospheric Chemistry and Physics Discussions},
	author = {Charrier, J. G. and Anastasio, C.},
	month = may,
	year = {2012},
	pages = {11317--11350},
	file = {charrier2012DTT.pdf:/home/webersa/.zotero/zotero/a9vqf6mb.default/zotero/storage/JGAJXG8Q/charrier2012DTT.pdf:application/pdf}
}

@article{aas_comparison_2015,
	title = {A {Comparison} between {Simulated} and {Observed} {Surface} {Energy} {Balance} at the {Svalbard} {Archipelago}},
	volume = {54},
	issn = {1558-8424, 1558-8432},
	url = {http://journals.ametsoc.org/doi/10.1175/JAMC-D-14-0080.1},
	doi = {10.1175/JAMC-D-14-0080.1},
	language = {en},
	number = {5},
	urldate = {2016-11-15},
	journal = {Journal of Applied Meteorology and Climatology},
	author = {Aas, Kjetil Schanke and Berntsen, Terje Koren and Boike, Julia and Etzelmüller, Bernd and Kristjánsson, Jón Egill and Maturilli, Marion and Schuler, Thomas Vikhamar and Stordal, Frode and Westermann, Sebastian},
	month = may,
	year = {2015},
	pages = {1102--1119},
	file = {aas2014comparison.pdf:/home/webersa/.zotero/zotero/a9vqf6mb.default/zotero/storage/RNXAJ9RR/aas2014comparison.pdf:application/pdf}
}

@article{jaffrezo_seasonal_2005,
	title = {Seasonal variations of the water soluble organic carbon mass fraction of aerosol in two valleys of the {French} {Alps}},
	volume = {5},
	url = {http://www.atmos-chem-phys.net/5/2809/2005/},
	number = {10},
	urldate = {2017-09-20},
	journal = {Atmospheric Chemistry and Physics},
	author = {Jaffrezo, J.-L. and Aymoz, G. and Delaval, C. and Cozic, J.},
	year = {2005},
	pages = {2809--2821},
	file = {jaffrezo2005b.pdf:/home/webersa/.zotero/zotero/a9vqf6mb.default/zotero/storage/JVXFBJMW/jaffrezo2005b.pdf:application/pdf}
}

@book{heerwaarden_surface_2011,
	title = {Surface evaporation and water vaport transport in the convective boundary layer},
	isbn = {978-90-8585-913-0},
	language = {eng},
	author = {Heerwaarden, Chiel C. van},
	year = {2011},
	note = {OCLC: 839034086},
	keywords = {Atmosphäre, Erdoberfläche, Verdunstung, Wasseroberfläche},
	annote = {@Wageningen, Univ., Diss., 2011},
	file = {169077:/home/webersa/.zotero/zotero/a9vqf6mb.default/zotero/storage/BDW4PTCN/169077:application/pdf}
}

@article{wiseman_characterizing_2014,
	title = {Characterizing metal(loid) solubility in airborne {PM}10, {PM}2.5 and {PM}1 in {Frankfurt}, {Germany} using simulated lung fluids},
	volume = {89},
	issn = {13522310},
	url = {http://linkinghub.elsevier.com/retrieve/pii/S1352231014001514},
	doi = {10.1016/j.atmosenv.2014.02.055},
	language = {en},
	urldate = {2017-06-08},
	journal = {Atmospheric Environment},
	author = {Wiseman, Clare L.S. and Zereini, Fathi},
	month = jun,
	year = {2014},
	pages = {282--289},
	file = {wiseman2014characterizing.pdf:/home/webersa/.zotero/zotero/a9vqf6mb.default/zotero/storage/Z24QB93R/wiseman2014characterizing.pdf:application/pdf}
}

@article{langer_surface_2011,
	title = {The surface energy balance of a polygonal tundra site in northern {Siberia} – {Part} 1: {Spring} to fall},
	volume = {5},
	issn = {1994-0424},
	shorttitle = {The surface energy balance of a polygonal tundra site in northern {Siberia} – {Part} 1},
	url = {http://www.the-cryosphere.net/5/151/2011/},
	doi = {10.5194/tc-5-151-2011},
	language = {en},
	number = {1},
	urldate = {2016-11-15},
	journal = {The Cryosphere},
	author = {Langer, M. and Westermann, S. and Muster, S. and Piel, K. and Boike, J.},
	month = mar,
	year = {2011},
	pages = {151--171},
	file = {langer2011surfacePart1.pdf:/home/webersa/.zotero/zotero/a9vqf6mb.default/zotero/storage/3VEB72GM/langer2011surfacePart1.pdf:application/pdf}
}

@article{stopford_bioaccessibility_2003,
	title = {Bioaccessibility testing of cobalt compounds},
	volume = {5},
	issn = {1464-0325, 1464-0333},
	url = {http://xlink.rsc.org/?DOI=b302257a},
	doi = {10.1039/b302257a},
	language = {en},
	number = {4},
	urldate = {2017-06-08},
	journal = {Journal of Environmental Monitoring},
	author = {Stopford, Woodhall and Turner, John and Cappellini, Danielle and Brock, Tom},
	year = {2003},
	pages = {675},
	file = {stopford2003bioacces.pdf:/home/webersa/.zotero/zotero/a9vqf6mb.default/zotero/storage/HX8XB8BU/stopford2003bioacces.pdf:application/pdf}
}

@article{westermann_annual_2009,
	title = {The annual surface energy budget of a high-arctic permafrost site on {Svalbard}, {Norway}},
	volume = {3},
	url = {http://www.the-cryosphere.net/3/245/2009/tc-3-245-2009.pdf},
	number = {2},
	urldate = {2016-11-15},
	journal = {The Cryosphere},
	author = {Westermann, Sebastian and Lüers, Johannes and Langer, Moritz and Piel, Konstanze and Boike, Julia},
	year = {2009},
	pages = {245--263},
	file = {westermann2009annual.pdf:/home/webersa/.zotero/zotero/a9vqf6mb.default/zotero/storage/25NZMCZK/westermann2009annual.pdf:application/pdf}
}

@article{riseborough_recent_2008,
	title = {Recent advances in permafrost modelling},
	volume = {19},
	issn = {10456740, 10991530},
	url = {http://doi.wiley.com/10.1002/ppp.615},
	doi = {10.1002/ppp.615},
	language = {en},
	number = {2},
	urldate = {2016-11-15},
	journal = {Permafrost and Periglacial Processes},
	author = {Riseborough, Daniel and Shiklomanov, Nikolay and Etzelmüller, Bernd and Gruber, Stephan and Marchenko, Sergei},
	month = apr,
	year = {2008},
	pages = {137--156},
	file = {riseborough2008recent.pdf:/home/webersa/.zotero/zotero/a9vqf6mb.default/zotero/storage/6N356ZWP/riseborough2008recent.pdf:application/pdf}
}

@article{querol_source_2002,
	title = {Source apportionment analysis of atmospheric particulates in an industrialised urban site in southwestern {Spain}},
	volume = {36},
	url = {http://www.sciencedirect.com/science/article/pii/S1352231002002571},
	number = {19},
	urldate = {2017-05-11},
	journal = {Atmospheric Environment},
	author = {Querol, Xavier and Alastuey, Andrés and de la Rosa, Jesús and Sánchez-de-la-Campa, Ana and Plana, Felicià and Ruiz, Carmen R.},
	year = {2002},
	pages = {3113--3125},
	file = {querol2002source_apportionment.pdf:/home/webersa/.zotero/zotero/a9vqf6mb.default/zotero/storage/7SGRKWXZ/querol2002source_apportionment.pdf:application/pdf}
}

@article{ping_permafrost_2015,
	title = {Permafrost soils and carbon cycling},
	volume = {1},
	issn = {2199-398X},
	url = {http://www.soil-journal.net/1/147/2015/},
	doi = {10.5194/soil-1-147-2015},
	language = {en},
	number = {1},
	urldate = {2016-11-15},
	journal = {SOIL},
	author = {Ping, C. L. and Jastrow, J. D. and Jorgenson, M. T. and Michaelson, G. J. and Shur, Y. L.},
	month = feb,
	year = {2015},
	pages = {147--171},
	file = {ping2015permafrost.pdf:/home/webersa/.zotero/zotero/a9vqf6mb.default/zotero/storage/D8MDVA7G/ping2015permafrost.pdf:application/pdf}
}

@article{altieri_isotopic_2014,
	title = {Isotopic evidence for a marine ammonium source in rainwater at {Bermuda}: {AMMONIUM} {ISOTOPES} {IN} {MARINE} {RAIN}},
	volume = {28},
	issn = {08866236},
	shorttitle = {Isotopic evidence for a marine ammonium source in rainwater at {Bermuda}},
	url = {http://doi.wiley.com/10.1002/2014GB004809},
	doi = {10.1002/2014GB004809},
	language = {en},
	number = {10},
	urldate = {2016-11-15},
	journal = {Global Biogeochemical Cycles},
	author = {Altieri, K. E. and Hastings, M. G. and Peters, A. J. and Oleynik, S. and Sigman, D. M.},
	month = oct,
	year = {2014},
	pages = {1066--1080},
	file = {altieri2014isotopic.pdf:/home/webersa/.zotero/zotero/a9vqf6mb.default/zotero/storage/AWQMJ422/altieri2014isotopic.pdf:application/pdf}
}

@article{jardine_dimethyl_2015,
	title = {Dimethyl sulfide in the {Amazon} rain forest: {DMS} in the {Amazon}},
	volume = {29},
	issn = {08866236},
	shorttitle = {Dimethyl sulfide in the {Amazon} rain forest},
	url = {http://doi.wiley.com/10.1002/2014GB004969},
	doi = {10.1002/2014GB004969},
	language = {en},
	number = {1},
	urldate = {2017-05-09},
	journal = {Global Biogeochemical Cycles},
	author = {Jardine, K. and Yañez-Serrano, A. M. and Williams, J. and Kunert, N. and Jardine, A. and Taylor, T. and Abrell, L. and Artaxo, P. and Guenther, A. and Hewitt, C. N. and House, E. and Florentino, A. P. and Manzi, A. and Higuchi, N. and Kesselmeier, J. and Behrendt, T. and Veres, P. R. and Derstroff, B. and Fuentes, J. D. and Martin, S. T. and Andreae, M. O.},
	month = jan,
	year = {2015},
	pages = {19--32},
	file = {jardine2015dimethyl.pdf:/home/webersa/.zotero/zotero/a9vqf6mb.default/zotero/storage/N7BHTTF3/jardine2015dimethyl.pdf:application/pdf}
}

@article{westermann_transient_2013,
	title = {Transient thermal modeling of permafrost conditions in {Southern} {Norway}},
	volume = {7},
	issn = {1994-0424},
	url = {http://www.the-cryosphere.net/7/719/2013/},
	doi = {10.5194/tc-7-719-2013},
	language = {en},
	number = {2},
	urldate = {2016-11-15},
	journal = {The Cryosphere},
	author = {Westermann, S. and Schuler, T. V. and Gisnås, K. and Etzelmüller, B.},
	month = apr,
	year = {2013},
	pages = {719--739},
	file = {westermann2013transient.pdf:/home/webersa/.zotero/zotero/a9vqf6mb.default/zotero/storage/5VVSAQZR/westermann2013transient.pdf:application/pdf}
}

@article{liu_therapeutic_2010,
	title = {Therapeutic {Effects} and {Mechanisms} of {Action} of {Mannitol} {During} {H} $_{\textrm{2}}$ {O} $_{\textrm{2}}$ -{Induced} {Oxidative} {Stress} in {Human} {Retinal} {Pigment} {Epithelium} {Cells}},
	volume = {26},
	issn = {1080-7683, 1557-7732},
	url = {http://www.liebertonline.com/doi/abs/10.1089/jop.2009.0127},
	doi = {10.1089/jop.2009.0127},
	language = {en},
	number = {3},
	urldate = {2017-09-13},
	journal = {Journal of Ocular Pharmacology and Therapeutics},
	author = {Liu, Jorn-Hon and Chen, Mi-Mi and Huang, Jhao-Wei and Wann, Hsiung and Ho, Li-Kang and Pan, Wynn H.T. and Chen, Yei-Ching and Liu, Chi-Ming and Yeh, Ming-Yang and Tsai, Shen-Kou and Young, Mason Shing and Ho, Low-Tone and Kuo, Cheng-Deng and Chuang, Hui-Yen and Chao, Fang-Ping and Chao, Hsiao-Ming},
	month = jun,
	year = {2010},
	pages = {249--257},
	file = {liu2010.pdf:/home/webersa/.zotero/zotero/a9vqf6mb.default/zotero/storage/QS67QW6H/liu2010.pdf:application/pdf}
}

@article{sanders_airborne_2003,
	title = {Airborne {Brake} {Wear} {Debris}: {Size} {Distributions}, {Composition}, and a {Comparison} of {Dynamometer} and {Vehicle} {Tests}},
	volume = {37},
	issn = {0013-936X, 1520-5851},
	shorttitle = {Airborne {Brake} {Wear} {Debris}},
	url = {http://pubs.acs.org/doi/abs/10.1021/es034145s},
	doi = {10.1021/es034145s},
	language = {en},
	number = {18},
	urldate = {2017-05-09},
	journal = {Environmental Science \& Technology},
	author = {Sanders, Paul G. and Xu, Ning and Dalka, Tom M. and Maricq, M. Matti},
	month = sep,
	year = {2003},
	pages = {4060--4069},
	file = {sanders2003airborne.pdf:/home/webersa/.zotero/zotero/a9vqf6mb.default/zotero/storage/ZMIX6VPU/sanders2003airborne.pdf:application/pdf}
}

@article{dallamico_robust_2011,
	title = {A robust and energy-conserving model of freezing variably-saturated soil},
	volume = {5},
	issn = {1994-0424},
	url = {http://www.the-cryosphere.net/5/469/2011/},
	doi = {10.5194/tc-5-469-2011},
	language = {en},
	number = {2},
	urldate = {2016-11-15},
	journal = {The Cryosphere},
	author = {Dall'Amico, M. and Endrizzi, S. and Gruber, S. and Rigon, R.},
	month = jun,
	year = {2011},
	pages = {469--484},
	file = {dallamico2011robust.pdf:/home/webersa/.zotero/zotero/a9vqf6mb.default/zotero/storage/56FB6WR5/dallamico2011robust.pdf:application/pdf}
}

@article{calas_comparison_2018,
	title = {Comparison between five acellular oxidative potential measurement assays performed on a yearly series of {PM}10 samples from the city of {Chamonix} ({France}), with detailed chemistry},
	journal = {"in prep. for ACPD"},
	author = {Calas, Aude and Uzu, Gaëlle and Martins, Jean M. F. and Houdier, Stéphane and Thomas, F and Molton, F and Lacroix, Thomas and Charron, Aurélie and Jacob, Véronique and Besombes, Jean-Luc and Chevrier, Florie and Brulfert, G and Dunster, C. and Oliete, A and Kelly, Frank J and Jaffrezo, Jean-Luc},
	year = {2018}
}

@article{thornthwaite_approach_1948,
	title = {An approach toward a rational classification of climate},
	volume = {38},
	url = {http://www.jstor.org/stable/210739},
	number = {1},
	urldate = {2016-11-15},
	journal = {Geographical review},
	author = {Thornthwaite, Charles Warren},
	year = {1948},
	pages = {55--94},
	file = {thornthwaite1948approach.pdf:/home/webersa/.zotero/zotero/a9vqf6mb.default/zotero/storage/2M4BPVSN/thornthwaite1948approach.pdf:application/pdf}
}

@article{nenes_kinetic_2001,
	title = {Kinetic limitations on cloud droplet formation and impact on cloud albedo},
	volume = {53},
	url = {http://onlinelibrary.wiley.com/doi/10.1034/j.1600-0889.2001.d01-12.x/abstract},
	number = {2},
	urldate = {2016-11-29},
	journal = {Tellus B},
	author = {Nenes, Athanasios and Ghan, Steven and Abdul-Razzak, Hayder and Chuang, Patrick Y. and Seinfeld, John H.},
	year = {2001},
	pages = {133--149},
	file = {KinLimitations_TellusPP.pdf:/home/webersa/.zotero/zotero/a9vqf6mb.default/zotero/storage/H5JXS8UM/KinLimitations_TellusPP.pdf:application/pdf}
}

@article{collins_internal_2001,
	title = {The internal climate variability of {HadCM}3, a version of the {Hadley} {Centre} coupled model without flux adjustments},
	volume = {17},
	issn = {0930-7575, 1432-0894},
	url = {http://link.springer.com/10.1007/s003820000094},
	doi = {10.1007/s003820000094},
	number = {1},
	urldate = {2016-12-11},
	journal = {Climate Dynamics},
	author = {Collins, M. and Tett, S. F. B. and Cooper, C.},
	month = jan,
	year = {2001},
	pages = {61--81},
	file = {The_internal_climate_variability_of_HadCM3_a_versi.pdf:/home/webersa/.zotero/zotero/a9vqf6mb.default/zotero/storage/ZABTNGRA/The_internal_climate_variability_of_HadCM3_a_versi.pdf:application/pdf}
}

@article{jones_climate_1994,
	title = {A climate model study of indirect radiative forcing by anthropogenic sulphate aerosols},
	volume = {370},
	doi = {10.1038/370450a0},
	journal = {Nature},
	author = {Jones, A. and Roberts, D. L. and Slingo, A.},
	month = nov,
	year = {1994},
	pages = {450--453},
	file = {sio209_presentation8.pdf:/home/webersa/.zotero/zotero/a9vqf6mb.default/zotero/storage/BZIK9Z8E/sio209_presentation8.pdf:application/pdf}
}

@misc{noauthor_total_nodate,
	title = {Total {Least} {Squares} {Figure} — {astroML} 0.2 documentation},
	url = {http://www.astroml.org/book_figures/chapter8/fig_total_least_squares.html},
	urldate = {2017-04-06},
	file = {Total Least Squares Figure — astroML 0.2 documentation:/home/webersa/.zotero/zotero/a9vqf6mb.default/zotero/storage/P3IJB2FA/fig_total_least_squares.html:text/html}
}

@article{noziere_dynamic_2014,
	title = {The dynamic surface tension of atmospheric aerosol surfactants reveals new aspects of cloud activation},
	volume = {5},
	issn = {2041-1723},
	url = {http://www.nature.com/doifinder/10.1038/ncomms4335},
	doi = {10.1038/ncomms4335},
	urldate = {2017-09-20},
	journal = {Nature Communications},
	author = {Nozière, Barbara and Baduel, Christine and Jaffrezo, Jean-Luc},
	month = feb,
	year = {2014},
	file = {noziere2014surfactant.pdf:/home/webersa/.zotero/zotero/a9vqf6mb.default/zotero/storage/JF5QV4U3/noziere2014surfactant.pdf:application/pdf}
}

@article{etzelmuller_recent_2013,
	title = {Recent {Advances} in {Mountain} {Permafrost} {Research}: {Recent} {Advances} in {Mountain} {Permafrost} {Research}},
	volume = {24},
	issn = {10456740},
	shorttitle = {Recent {Advances} in {Mountain} {Permafrost} {Research}},
	url = {http://doi.wiley.com/10.1002/ppp.1772},
	doi = {10.1002/ppp.1772},
	language = {en},
	number = {2},
	urldate = {2016-11-15},
	journal = {Permafrost and Periglacial Processes},
	author = {Etzelmüller, Bernd},
	month = apr,
	year = {2013},
	pages = {99--107},
	file = {etzelmuller2013recent.pdf:/home/webersa/.zotero/zotero/a9vqf6mb.default/zotero/storage/A4XNRUWP/etzelmuller2013recent.pdf:application/pdf}
}

@article{efron_least_2004,
	title = {Least angle regression},
	volume = {32},
	url = {http://projecteuclid.org/euclid.aos/1083178935},
	number = {2},
	urldate = {2017-03-13},
	journal = {The Annals of statistics},
	author = {Efron, Bradley and Hastie, Trevor and Johnstone, Iain and Tibshirani, Robert and {others}},
	year = {2004},
	pages = {407--499},
	file = {elfron2002LeastAngle.pdf:/home/webersa/.zotero/zotero/a9vqf6mb.default/zotero/storage/V5R6TTJN/elfron2002LeastAngle.pdf:application/pdf}
}

@article{tennekes_model_1973,
	title = {A {Model} for the {Dynamics} of the {Inversion} {Above} a {Convective} {Boundary} {Layer}},
	volume = {30},
	journal = {Journal of the Atmospheric sciences},
	author = {Tennekes, H},
	year = {1973},
	pages = {558--567},
	file = {tennekes1973model.pdf:/home/webersa/.zotero/zotero/a9vqf6mb.default/zotero/storage/SBZSW46E/tennekes1973model.pdf:application/pdf}
}

@article{goix_environmental_2014,
	title = {Environmental and health impacts of fine and ultrafine metallic particles: {Assessment} of threat scores},
	volume = {133},
	issn = {00139351},
	shorttitle = {Environmental and health impacts of fine and ultrafine metallic particles},
	url = {http://linkinghub.elsevier.com/retrieve/pii/S0013935114001698},
	doi = {10.1016/j.envres.2014.05.015},
	language = {en},
	urldate = {2017-04-02},
	journal = {Environmental Research},
	author = {Goix, Sylvaine and Lévêque, Thibaut and Xiong, Tian-Tian and Schreck, Eva and Baeza-Squiban, Armelle and Geret, Florence and Uzu, Gaëlle and Austruy, Annabelle and Dumat, Camille},
	month = aug,
	year = {2014},
	pages = {185--194},
	file = {goix2014environmental.pdf:/home/webersa/.zotero/zotero/a9vqf6mb.default/zotero/storage/4W2CQ9G2/goix2014environmental.pdf:application/pdf}
}

@article{bauer_significant_2008,
	title = {Significant contributions of fungal spores to the organic carbon and to the aerosol mass balance of the urban atmospheric aerosol},
	volume = {42},
	issn = {13522310},
	url = {http://linkinghub.elsevier.com/retrieve/pii/S1352231008002781},
	doi = {10.1016/j.atmosenv.2008.03.019},
	language = {en},
	number = {22},
	urldate = {2017-05-09},
	journal = {Atmospheric Environment},
	author = {Bauer, Heidi and Schueller, Elisabeth and Weinke, Gert and Berger, Anna and Hitzenberger, Regina and Marr, Iain L. and Puxbaum, Hans},
	month = jul,
	year = {2008},
	pages = {5542--5549},
	file = {bauer2008significant.pdf:/home/webersa/.zotero/zotero/a9vqf6mb.default/zotero/storage/FU4QJTKV/bauer2008significant.pdf:application/pdf}
}

@article{mangerud_ice_2004,
	title = {Ice sheet limits in {Norway} and on the {Norwegian} continental shelf},
	volume = {1},
	journal = {Quaternary Glaciations - Extent and Chronology},
	author = {Mangerud, Jan},
	year = {2004},
	pages = {271--294},
	file = {Mangerud-2004.pdf:/home/webersa/.zotero/zotero/a9vqf6mb.default/zotero/storage/WJNPHH3X/Mangerud-2004.pdf:application/pdf}
}

@article{alastuey_geochemistry_2016,
	title = {Geochemistry of {PM}$_{\textrm{10}}$ over {Europe} during the {EMEP} intensive measurement periods in summer 2012 and winter 2013},
	volume = {16},
	issn = {1680-7324},
	url = {http://www.atmos-chem-phys.net/16/6107/2016/},
	doi = {10.5194/acp-16-6107-2016},
	language = {en},
	number = {10},
	urldate = {2017-09-20},
	journal = {Atmospheric Chemistry and Physics},
	author = {Alastuey, Andrés and Querol, Xavier and Aas, Wenche and Lucarelli, Franco and Pérez, Noemí and Moreno, Teresa and Cavalli, Fabrizia and Areskoug, Hans and Balan, Violeta and Catrambone, Maria and Ceburnis, Darius and Cerro, José C. and Conil, Sébastien and Gevorgyan, Lusine and Hueglin, Christoph and Imre, Kornelia and Jaffrezo, Jean-Luc and Leeson, Sarah R. and Mihalopoulos, Nikolaos and Mitosinkova, Marta and O\&apos;Dowd, Colin D. and Pey, Jorge and Putaud, Jean-Philippe and Riffault, Véronique and Ripoll, Anna and Sciare, Jean and Sellegri, Karine and Spindler, Gerald and Yttri, Karl Espen},
	month = may,
	year = {2016},
	pages = {6107--6129},
	file = {alastuey2016.pdf:/home/webersa/.zotero/zotero/a9vqf6mb.default/zotero/storage/SSFTUEX8/alastuey2016.pdf:application/pdf}
}

@article{pandolfi_source_2011,
	title = {Source apportionment of {PM}10 and {PM}2.5 at multiple sites in the strait of {Gibraltar} by {PMF}: impact of shipping emissions},
	volume = {18},
	issn = {0944-1344, 1614-7499},
	shorttitle = {Source apportionment of {PM}10 and {PM}2.5 at multiple sites in the strait of {Gibraltar} by {PMF}},
	url = {http://link.springer.com/10.1007/s11356-010-0373-4},
	doi = {10.1007/s11356-010-0373-4},
	language = {en},
	number = {2},
	urldate = {2017-09-28},
	journal = {Environmental Science and Pollution Research},
	author = {Pandolfi, Marco and Gonzalez-Castanedo, Yolanda and Alastuey, Andrés and de la Rosa, Jesus D. and Mantilla, Enrique and de la Campa, A. Sanchez and Querol, Xavier and Pey, Jorge and Amato, Fulvio and Moreno, Teresa},
	month = feb,
	year = {2011},
	pages = {260--269},
	file = {pandolfi2011.pdf:/home/webersa/.zotero/zotero/a9vqf6mb.default/zotero/storage/9JSZEA2W/pandolfi2011.pdf:application/pdf}
}

@phdthesis{piot_atmospheric_2011,
	title = {Atmospheric aerosols in the {Rhône}-{Alpes} region: chemical characterization and sources influences},
	url = {https://tel.archives-ouvertes.fr/tel-00661284},
	language = {fr},
	school = {Université de Grenoble},
	author = {Piot, Christine},
	month = sep,
	year = {2011},
	file = {piot2011polluants.pdf:/home/webersa/.zotero/zotero/a9vqf6mb.default/zotero/storage/7PSCNQJ9/piot2011polluants.pdf:application/pdf}
}

@article{salameh_pm2.5_2015,
	title = {{PM}2.5 chemical composition in five {European} {Mediterranean} cities: {A} 1-year study},
	volume = {155},
	issn = {01698095},
	shorttitle = {{PM}2.5 chemical composition in five {European} {Mediterranean} cities},
	url = {http://linkinghub.elsevier.com/retrieve/pii/S0169809514004281},
	doi = {10.1016/j.atmosres.2014.12.001},
	language = {en},
	urldate = {2017-09-20},
	journal = {Atmospheric Research},
	author = {Salameh, Dalia and Detournay, Anais and Pey, Jorge and Pérez, Noemi and Liguori, Francesca and Saraga, Dikaia and Bove, Maria Chiara and Brotto, Paolo and Cassola, Federico and Massabò, Dario and Latella, Aurelio and Pillon, Silvia and Formenton, Gianni and Patti, Salvatore and Armengaud, Alexandre and Piga, Damien and Jaffrezo, Jean Luc and Bartzis, John and Tolis, Evangelos and Prati, Paolo and Querol, Xavier and Wortham, Henri and Marchand, Nicolas},
	month = mar,
	year = {2015},
	pages = {102--117},
	file = {Salameh et al. - 2015 - PM2.5 chemical composition in five European Medite.pdf:/home/webersa/.zotero/zotero/a9vqf6mb.default/zotero/storage/QB2HJU6H/Salameh et al. - 2015 - PM2.5 chemical composition in five European Medite.pdf:application/pdf}
}

@techreport{belis_european_2014,
	title = {European {Guide} on {Air} {Pollution} {Source} {Apportionment} with {Receptor} {Models}},
	author = {Belis, Claudio A and Larsen, B. R and Fulvio, Amato and El Haddad, Imad and Favez, Olivier and Harrison, Roy and Hopke, Philip K. and Nava, S. and Paatero, Pentti and Prévôt, André. S. H. and Quass, Ulrich and Vecchi, Roberta and Viana, Mar},
	year = {2014},
	pages = {92},
	file = {EU_guide_on_SA.pdf:/home/webersa/.zotero/zotero/a9vqf6mb.default/zotero/storage/NHEVCQTV/EU_guide_on_SA.pdf:application/pdf}
}

@article{seppala_synthesis_2011,
	title = {Synthesis of studies of palsa formation underlining the importance of local environmental and physical characteristics},
	volume = {75},
	issn = {00335894},
	url = {http://linkinghub.elsevier.com/retrieve/pii/S0033589410001171},
	doi = {10.1016/j.yqres.2010.09.007},
	language = {en},
	number = {2},
	urldate = {2016-11-15},
	journal = {Quaternary Research},
	author = {Seppälä, Matti},
	month = mar,
	year = {2011},
	pages = {366--370},
	file = {seppala2011synthesis.pdf:/home/webersa/.zotero/zotero/a9vqf6mb.default/zotero/storage/IHIPF7K5/seppala2011synthesis.pdf:application/pdf}
}

@article{christiansen_thermal_2010,
	title = {The thermal state of permafrost in the nordic area during the international polar year 2007-2009: {Thermal} state of permafrost in the {Nordic} area},
	volume = {21},
	issn = {10456740},
	shorttitle = {The thermal state of permafrost in the nordic area during the international polar year 2007-2009},
	url = {http://doi.wiley.com/10.1002/ppp.687},
	doi = {10.1002/ppp.687},
	language = {en},
	number = {2},
	urldate = {2016-11-15},
	journal = {Permafrost and Periglacial Processes},
	author = {Christiansen, H. H. and Etzelmüller, B. and Isaksen, K. and Juliussen, H. and Farbrot, H. and Humlum, O. and Johansson, M. and Ingeman-Nielsen, T. and Kristensen, L. and Hjort, J. and Holmlund, P. and Sannel, A. B. K. and Sigsgaard, C. and Åkerman, H. J. and Foged, N. and Blikra, L. H. and Pernosky, M. A. and Ødegård, R. S.},
	month = apr,
	year = {2010},
	pages = {156--181},
	file = {christiansen2010thermal.pdf:/home/webersa/.zotero/zotero/a9vqf6mb.default/zotero/storage/VG3TDF3M/christiansen2010thermal.pdf:application/pdf}
}

@article{odowd_marine_1997,
	title = {Marine aerosol, sea-salt, and the marine sulphur cycle: a short review},
	volume = {31},
	issn = {1352-2310},
	doi = {10.1016/S1352-2310(96)00106-9},
	abstract = {A short review of the marine aerosol size distribution and the contribution of sea-salt to this distribution is presented. The potential role of sea salt in the marine boundary layer sulphur cycle is highlighted.},
	number = {1},
	journal = {Atmospheric Environment},
	author = {O'Dowd, Colin D. and Smith, Michael H. and Consterdine, Ian E. and Lowe, Jason A.},
	year = {1997},
	pages = {73 -- 80},
	file = {odowd1997marine.pdf:/home/webersa/.zotero/zotero/a9vqf6mb.default/zotero/storage/E89X9SKP/odowd1997marine.pdf:application/pdf}
}

@techreport{who_ambient_2016,
	title = {Ambient air pollution: {A} global assessment of exposure and burden of disease.},
	url = {http://www.who.int/phe/publications/air-pollution-global-assessment/en/},
	language = {en},
	author = {{WHO}},
	year = {2016},
	file = {WHO2013.pdf:/home/webersa/.zotero/zotero/a9vqf6mb.default/zotero/storage/CIZUXQK6/WHO2013.pdf:application/pdf}
}

@article{dallosto_hourly_2013,
	title = {Hourly elemental concentrations in {PM}2.5 aerosols sampled simultaneously at urban background and road site during {SAPUSS} – diurnal variations and {PMF} receptor modelling},
	volume = {13},
	issn = {1680-7324},
	url = {http://www.atmos-chem-phys.net/13/4375/2013/},
	doi = {10.5194/acp-13-4375-2013},
	language = {en},
	number = {8},
	urldate = {2017-05-09},
	journal = {Atmospheric Chemistry and Physics},
	author = {Dall'Osto, M. and Querol, X. and Amato, F. and Karanasiou, A. and Lucarelli, F. and Nava, S. and Calzolai, G. and Chiari, M.},
	month = apr,
	year = {2013},
	pages = {4375--4392},
	file = {dallosto2013hourly.pdf:/home/webersa/.zotero/zotero/a9vqf6mb.default/zotero/storage/DGZNWQXN/dallosto2013hourly.pdf:application/pdf}
}

@article{david_felix_examining_2014,
	title = {Examining the transport of ammonia emissions across landscapes using nitrogen isotope ratios},
	volume = {95},
	issn = {13522310},
	url = {http://linkinghub.elsevier.com/retrieve/pii/S1352231014005160},
	doi = {10.1016/j.atmosenv.2014.06.061},
	language = {en},
	urldate = {2016-11-15},
	journal = {Atmospheric Environment},
	author = {David Felix, J. and Elliott, Emily M. and Gish, Timothy and Maghirang, Ronaldo and Cambal, Leah and Clougherty, Jane},
	month = oct,
	year = {2014},
	pages = {563--570},
	file = {felix2014nh3transect.pdf:/home/webersa/.zotero/zotero/a9vqf6mb.default/zotero/storage/VITF67DV/felix2014nh3transect.pdf:application/pdf}
}

@article{gianini_source_2013,
	title = {Source apportionment of {PM}10, organic carbon and elemental carbon at {Swiss} sites: {An} intercomparison of different approaches},
	volume = {454-455},
	issn = {00489697},
	shorttitle = {Source apportionment of {PM}10, organic carbon and elemental carbon at {Swiss} sites},
	url = {http://linkinghub.elsevier.com/retrieve/pii/S0048969713002258},
	doi = {10.1016/j.scitotenv.2013.02.043},
	language = {en},
	urldate = {2017-01-08},
	journal = {Science of The Total Environment},
	author = {Gianini, M.F.D. and Piot, C. and Herich, H. and Besombes, J.-L. and Jaffrezo, J.-L. and Hueglin, C.},
	month = jun,
	year = {2013},
	pages = {99--108},
	file = {2013_Gianini_etal_STOTEN.pdf:/home/webersa/.zotero/zotero/a9vqf6mb.default/zotero/storage/WSJ2W6WX/2013_Gianini_etal_STOTEN.pdf:application/pdf}
}

@article{mahowald_aerosol_2011,
	title = {Aerosol {Impacts} on {Climate} and {Biogeochemistry}},
	volume = {36},
	issn = {1543-5938, 1545-2050},
	url = {http://www.annualreviews.org/doi/10.1146/annurev-environ-042009-094507},
	doi = {10.1146/annurev-environ-042009-094507},
	language = {en},
	number = {1},
	urldate = {2017-05-31},
	journal = {Annual Review of Environment and Resources},
	author = {Mahowald, Natalie and Ward, Daniel S. and Kloster, Silvia and Flanner, Mark G. and Heald, Colette L. and Heavens, Nicholas G. and Hess, Peter G. and Lamarque, Jean-Francois and Chuang, Patrick Y.},
	month = nov,
	year = {2011},
	pages = {45--74},
	file = {mawohald2011baerosol.pdf:/home/webersa/.zotero/zotero/a9vqf6mb.default/zotero/storage/DN57CQ5Q/mawohald2011baerosol.pdf:application/pdf}
}

@article{stott_human_2004,
	title = {Human contribution to the {European} heatwave of 2003},
	volume = {432},
	url = {http://www.nature.com/doifinder/10.1038/nature03089},
	doi = {10.1038/nature03089},
	number = {7017},
	urldate = {2016-11-29},
	journal = {Nature},
	author = {Stott, Peter A. and Stone, D. A. and Allen, M. R.},
	month = dec,
	year = {2004},
	pages = {610--614},
	file = {Human_Contribution_to_the_European_Heatwave_of_200.pdf:/home/webersa/.zotero/zotero/a9vqf6mb.default/zotero/storage/M854KVGZ/Human_Contribution_to_the_European_Heatwave_of_200.pdf:application/pdf;stott2004human.pdf:/home/webersa/.zotero/zotero/a9vqf6mb.default/zotero/storage/CCBV8CSV/stott2004human.pdf:application/pdf}
}

@article{hinzman_hydrologic_1991,
	title = {Hydrologic and thermal properties of the active layer in the {Alaskan} {Arctic}},
	volume = {19},
	url = {http://www.sciencedirect.com/science/article/pii/0165232X9190001W},
	number = {2},
	urldate = {2016-11-15},
	journal = {Cold Regions Science and Technology},
	author = {Hinzman, L. D. and Kane, D. L. and Gieck, R. E. and Everett, K. R.},
	year = {1991},
	pages = {95--110},
	file = {hinzman1990hydrologic.pdf:/home/webersa/.zotero/zotero/a9vqf6mb.default/zotero/storage/XXUX2EDT/hinzman1990hydrologic.pdf:application/pdf}
}

@article{uzu_vitro_2011,
	title = {In vitro assessment of the pulmonary toxicity and gastric availability of lead-rich particles from a lead recycling plant},
	volume = {45},
	issn = {0013-936X, 1520-5851},
	url = {http://pubs.acs.org/doi/abs/10.1021/es200374c},
	doi = {10.1021/es200374c},
	language = {en},
	number = {18},
	urldate = {2017-03-30},
	journal = {Environmental Science \& Technology},
	author = {Uzu, Gaëlle and Sauvain, Jean-Jacques and Baeza-Squiban, Armelle and Riediker, Michael and Sánchez Sandoval Hohl, Magdalena and Val, Stéphanie and Tack, Karine and Denys, Sébastien and Pradère, Philippe and Dumat, Camille},
	month = sep,
	year = {2011},
	pages = {7888--7895},
	file = {uzu2011.pdf:/home/webersa/.zotero/zotero/a9vqf6mb.default/zotero/storage/XKDDRWUA/uzu2011.pdf:application/pdf}
}

@article{putaud_size-segregated_2004,
	title = {Size-segregated aerosol mass closure and chemical composition in {Monte} {Cimone} ({I}) during {MINATROC}},
	volume = {4},
	url = {http://www.atmos-chem-phys.net/4/889/},
	number = {4},
	urldate = {2017-05-09},
	journal = {Atmospheric Chemistry and Physics},
	author = {Putaud, J.-P. and Dingenen, R. Van and Dell'Acqua, A. and Raes, F. and Matta, E. and Decesari, S. and Facchini, M. C. and Fuzzi, S.},
	year = {2004},
	pages = {889--902},
	file = {putaud2004bsize.pdf:/home/webersa/.zotero/zotero/a9vqf6mb.default/zotero/storage/4E3DBG39/putaud2004bsize.pdf:application/pdf}
}

@article{grizzle_analysis_1969,
	title = {Analysis of {Categorical} {Data} by {Linear} {Models}},
	volume = {25},
	issn = {0006341X},
	url = {http://www.jstor.org/stable/2528901?origin=crossref},
	doi = {10.2307/2528901},
	number = {3},
	urldate = {2017-05-30},
	journal = {Biometrics},
	author = {Grizzle, James E. and Starmer, C. Frank and Koch, Gary G.},
	month = sep,
	year = {1969},
	pages = {489},
	file = {grizzle1969analysis.pdf:/home/webersa/.zotero/zotero/a9vqf6mb.default/zotero/storage/C9ECDNGZ/grizzle1969analysis.pdf:application/pdf}
}

@article{paatero_multilinear_1999,
	title = {The {Multilinear} {Engine}: {A} {Table}-{Driven}, {Least} {Squares} {Program} for {Solving} {Multilinear} {Problems}, including the n-{Way} {Parallel} {Factor} {Analysis} {Model}},
	volume = {8},
	issn = {10618600},
	shorttitle = {The {Multilinear} {Engine}},
	url = {http://www.jstor.org/stable/1390831},
	doi = {10.2307/1390831},
	number = {4},
	urldate = {2017-05-04},
	journal = {Journal of Computational and Graphical Statistics},
	author = {Paatero, Pentti},
	month = dec,
	year = {1999},
	pages = {854},
	file = {paatero1999.pdf:/home/webersa/.zotero/zotero/a9vqf6mb.default/zotero/storage/Q879VE74/paatero1999.pdf:application/pdf}
}

@book{jacobson_fundamentals_1999,
	series = {Cambridge {University} {Press}},
	title = {Fundamentals of {Atmospheric} {Modeling}},
	isbn = {0-521-63717-1},
	author = {Jacobson, Mark Z.},
	year = {1999}
}

@article{waked_modeling_2013-1,
	title = {Modeling air pollution in {Lebanon}: evaluation at a suburban site in {Beirut} during summer},
	volume = {13},
	issn = {1680-7324},
	shorttitle = {Modeling air pollution in {Lebanon}},
	url = {http://www.atmos-chem-phys.net/13/5873/2013/},
	doi = {10.5194/acp-13-5873-2013},
	language = {en},
	number = {12},
	urldate = {2017-03-31},
	journal = {Atmospheric Chemistry and Physics},
	author = {Waked, A. and Seigneur, C. and Couvidat, F. and Kim, Y. and Sartelet, K. and Afif, C. and Borbon, A. and Formenti, P. and Sauvage, S.},
	month = jun,
	year = {2013},
	pages = {5873--5886},
	file = {waked2013modelling.pdf:/home/webersa/.zotero/zotero/a9vqf6mb.default/zotero/storage/IN7QJPX5/waked2013modelling.pdf:application/pdf}
}

@phdthesis{begorre_relation_2017,
	type = {Master},
	title = {Relation entre le {Potentiel} {Oxydant} des particules atmosphériques et leur composition chimique : une métrique de l’impact sanitaire.},
	language = {Francais},
	school = {Université Grenoble Alpes},
	author = {Begorre, Céline},
	year = {2017}
}

@article{hu_metals_2009,
	title = {Metals emitted from heavy-duty diesel vehicles equipped with advanced {PM} and {NOX} emission controls},
	volume = {43},
	issn = {13522310},
	url = {http://linkinghub.elsevier.com/retrieve/pii/S1352231009001800},
	doi = {10.1016/j.atmosenv.2009.02.052},
	language = {en},
	number = {18},
	urldate = {2017-05-09},
	journal = {Atmospheric Environment},
	author = {Hu, Shaohua and Herner, Jorn D. and Shafer, Martin and Robertson, William and Schauer, James J. and Dwyer, Harry and Collins, John and Huai, Tao and Ayala, Alberto},
	month = jun,
	year = {2009},
	pages = {2950--2959},
	file = {hu2009metals.pdf:/home/webersa/.zotero/zotero/a9vqf6mb.default/zotero/storage/62N7DR5H/hu2009metals.pdf:application/pdf}
}

@article{westermann_modeling_2011,
	title = {Modeling the impact of wintertime rain events on the thermal regime of permafrost},
	volume = {5},
	issn = {1994-0424},
	url = {http://www.the-cryosphere.net/5/945/2011/},
	doi = {10.5194/tc-5-945-2011},
	language = {en},
	number = {4},
	urldate = {2016-11-15},
	journal = {The Cryosphere},
	author = {Westermann, S. and Boike, J. and Langer, M. and Schuler, T. V. and Etzelmüller, B.},
	month = oct,
	year = {2011},
	pages = {945--959},
	file = {westermann2011modeling.pdf:/home/webersa/.zotero/zotero/a9vqf6mb.default/zotero/storage/9GHG8TTC/westermann2011modeling.pdf:application/pdf}
}

@phdthesis{wilson_soil_1990,
	title = {Soil evaporative flux for geotechnical engineering problem},
	author = {Wilson, G. Ward},
	year = {1990},
	file = {Wilson_G._Ward_sec_nc.pdf:/home/webersa/.zotero/zotero/a9vqf6mb.default/zotero/storage/FWKEB7CF/Wilson_G._Ward_sec_nc.pdf:application/pdf}
}

@article{yttri_ambient_2007,
	title = {Ambient aerosol concentrations of sugars and sugar-alcohols at four different sites in {Norway}},
	volume = {7},
	url = {http://www.atmos-chem-phys.net/7/4267/2007/acp-7-4267-2007.html},
	number = {16},
	urldate = {2017-05-09},
	journal = {Atmospheric Chemistry and Physics},
	author = {Yttri, K. E. and Dye, C. and Kiss, G.},
	year = {2007},
	pages = {4267--4279},
	file = {yttri2010ambient.pdf:/home/webersa/.zotero/zotero/a9vqf6mb.default/zotero/storage/T99QEZ3A/yttri2010ambient.pdf:application/pdf}
}

@article{crobeddu_oxidative_2017,
	title = {Oxidative potential of particulate matter 2.5 as predictive indicator of cellular stress},
	volume = {230},
	issn = {02697491},
	url = {http://linkinghub.elsevier.com/retrieve/pii/S0269749117311636},
	doi = {10.1016/j.envpol.2017.06.051},
	language = {en},
	urldate = {2017-06-23},
	journal = {Environmental Pollution},
	author = {Crobeddu, Bélinda and Aragao-Santiago, Leticia and Bui, Linh-Chi and Boland, Sonja and Baeza Squiban, Armelle},
	month = nov,
	year = {2017},
	pages = {125--133},
	file = {crobeddu2017OPPM25_5_acellular_assays.pdf:/home/webersa/.zotero/zotero/a9vqf6mb.default/zotero/storage/E3UCN6RH/crobeddu2017OPPM25_5_acellular_assays.pdf:application/pdf}
}

@article{kelly_size_2012,
	title = {Size, source and chemical composition as determinants of toxicity attributable to ambient particulate matter},
	volume = {60},
	issn = {13522310},
	url = {http://linkinghub.elsevier.com/retrieve/pii/S1352231012006024},
	doi = {10.1016/j.atmosenv.2012.06.039},
	language = {en},
	urldate = {2017-09-19},
	journal = {Atmospheric Environment},
	author = {Kelly, Frank J. and Fussell, Julia C.},
	month = dec,
	year = {2012},
	pages = {504--526},
	file = {kelly2012.pdf:/home/webersa/.zotero/zotero/a9vqf6mb.default/zotero/storage/S355885S/kelly2012.pdf:application/pdf}
}

@article{kiss_application_2004,
	title = {Application of osmolality for the determination of water activity and the modelling of cloud formation},
	volume = {4},
	url = {http://www.atmos-chem-phys-discuss.net/4/7667/2004/acpd-4-7667-2004.pdf},
	number = {6},
	urldate = {2016-11-29},
	journal = {Atmospheric Chemistry and Physics Discussions},
	author = {Kiss, G. and Hansson, H.-C.},
	year = {2004},
	pages = {7667--7689},
	file = {acpd-4-7667-2004.pdf:/home/webersa/.zotero/zotero/a9vqf6mb.default/zotero/storage/TCSARNEB/acpd-4-7667-2004.pdf:application/pdf}
}

@article{paatero_understanding_2002,
	title = {Understanding and controlling rotations in factor analytic models},
	volume = {60},
	url = {http://www.sciencedirect.com/science/article/pii/S0169743901002003},
	number = {1},
	urldate = {2017-09-14},
	journal = {Chemometrics and intelligent laboratory systems},
	author = {Paatero, Pentti and Hopke, Philip K. and Song, Xin-Hua and Ramadan, Ziad},
	year = {2002},
	pages = {253--264},
	file = {paatero2002.pdf:/home/webersa/.zotero/zotero/a9vqf6mb.default/zotero/storage/K464JKRD/paatero2002.pdf:application/pdf}
}

@article{farbrot_air_2011,
	title = {Air and {Ground} {Temperature} {Variations} {Observed} along {Elevation} and {Continentality} {Gradients} in {Southern} {Norway}: {Air} and {Ground} {Temperatures} along {Gradients} in {Southern} {Norway}},
	volume = {22},
	issn = {10456740},
	shorttitle = {Air and {Ground} {Temperature} {Variations} {Observed} along {Elevation} and {Continentality} {Gradients} in {Southern} {Norway}},
	url = {http://doi.wiley.com/10.1002/ppp.733},
	doi = {10.1002/ppp.733},
	language = {en},
	number = {4},
	urldate = {2016-11-15},
	journal = {Permafrost and Periglacial Processes},
	author = {Farbrot, Herman and Hipp, Tobias Florian and Etzelmüller, Bernd and Isaksen, Ketil and Ødegård, Rune Strand and Schuler, Thomas Vikhamar and Humlum, Ole},
	month = oct,
	year = {2011},
	pages = {343--360},
	file = {farbrot2011air.pdf:/home/webersa/.zotero/zotero/a9vqf6mb.default/zotero/storage/G944SUDP/farbrot2011air.pdf:application/pdf}
}

@article{schar_role_2004,
	title = {The role of increasing temperature variability in {European} summer heatwaves},
	volume = {427},
	issn = {0028-0836, 1476-4679},
	url = {http://www.nature.com/doifinder/10.1038/nature02300},
	doi = {10.1038/nature02300},
	number = {6972},
	urldate = {2016-11-29},
	journal = {Nature},
	author = {Schär, Christoph and Vidale, Pier Luigi and Lüthi, Daniel and Frei, Christoph and Häberli, Christian and Liniger, Mark A. and Appenzeller, Christof},
	month = jan,
	year = {2004},
	pages = {332--336},
	file = {schär2004role.pdf:/home/webersa/.zotero/zotero/a9vqf6mb.default/zotero/storage/TN5EPZZP/schär2004role.pdf:application/pdf}
}

@article{allen_size_2001,
	title = {Size distributions of trace metals in atmospheric aerosols in the {United} {Kingdom}},
	volume = {35},
	url = {http://www.sciencedirect.com/science/article/pii/S135223100100190X},
	number = {27},
	urldate = {2017-05-09},
	journal = {Atmospheric Environment},
	author = {Allen, A. G. and Nemitz, Eiko and Shi, J. P. and Harrison, R. M. and Greenwood, J. C.},
	year = {2001},
	pages = {4581--4591},
	file = {allen2001size.pdf:/home/webersa/.zotero/zotero/a9vqf6mb.default/zotero/storage/NEXFPPRA/allen2001size.pdf:application/pdf}
}

@article{sauvain_comparison_2013,
	title = {Comparison of three acellular tests for assessing the oxidation potential of nanomaterials},
	volume = {47},
	issn = {0278-6826, 1521-7388},
	url = {http://www.tandfonline.com/doi/abs/10.1080/02786826.2012.742951},
	doi = {10.1080/02786826.2012.742951},
	language = {en},
	number = {2},
	urldate = {2017-03-30},
	journal = {Aerosol Science and Technology},
	author = {Sauvain, Jean-Jacques and Rossi, Michel J. and Riediker, Michael},
	month = feb,
	year = {2013},
	pages = {218--227},
	file = {sauvain2013comparison.pdf:/home/webersa/.zotero/zotero/a9vqf6mb.default/zotero/storage/SNKR45P3/sauvain2013comparison.pdf:application/pdf}
}

@unpublished{shalizi_36-401_2015,
	address = {Department of Statistics, Carnegie Mellon University},
	type = {Lecture note},
	title = {36-401, {Modern} {Regression}, {Section} {B}},
	url = {http://www.stat.cmu.edu/~cshalizi/mreg/15/},
	abstract = {This course is an introduction to the real world of statistics and data analysis. We will explore real data sets, examine various models for the data, assess the validity of their assumptions, and determine which conclusions we can make (if any). Data analysis is a bit of an art; there may be several valid approaches. We will strongly emphasize the importance of critical thinking about the data and the question of interest. Our overall goal is to use a basic set of modeling tools to explore and analyze data and to present the results in a scientific report.},
	author = {Shalizi, Cosma},
	collaborator = {Klein, Natalie and Luby, Amanda and Spece-Ibañez, Michael},
	year = {2015}
}

@article{godoy_aerosol_2005,
	title = {Aerosol source apportionment around a large coal fired power plant—{Thermoelectric} {Complex} {Jorge} {Lacerda}, {Santa} {Catarina}, {Brazil}},
	volume = {39},
	issn = {13522310},
	url = {http://linkinghub.elsevier.com/retrieve/pii/S1352231005004899},
	doi = {10.1016/j.atmosenv.2005.05.033},
	language = {en},
	number = {29},
	urldate = {2017-05-09},
	journal = {Atmospheric Environment},
	author = {Godoy, Maria Luiza D.P. and Godoy, José Marcus and Artaxo, Paulo},
	month = sep,
	year = {2005},
	pages = {5307--5324},
	file = {godoy2005aerosols.pdf:/home/webersa/.zotero/zotero/a9vqf6mb.default/zotero/storage/BGEEZ94P/godoy2005aerosols.pdf:application/pdf}
}

@article{puxbaum_levoglucosan_2007,
	title = {Levoglucosan levels at background sites in {Europe} for assessing the impact of biomass combustion on the {European} aerosol background},
	volume = {112},
	issn = {0148-0227},
	url = {http://doi.wiley.com/10.1029/2006JD008114},
	doi = {10.1029/2006JD008114},
	language = {en},
	number = {D23},
	urldate = {2017-05-09},
	journal = {Journal of Geophysical Research},
	author = {Puxbaum, Hans and Caseiro, Alexandre and Sánchez-Ochoa, Asunción and Kasper-Giebl, Anne and Claeys, Magda and Gelencsér, András and Legrand, Michel and Preunkert, Susanne and Pio, Casimiro},
	month = sep,
	year = {2007},
	file = {puxbaum2007levoglucosan.pdf:/home/webersa/.zotero/zotero/a9vqf6mb.default/zotero/storage/5F7W4RFC/puxbaum2007levoglucosan.pdf:application/pdf}
}

@article{mahowald_size_2014,
	title = {The size distribution of desert dust aerosols and its impact on the {Earth} system},
	volume = {15},
	issn = {18759637},
	url = {http://linkinghub.elsevier.com/retrieve/pii/S1875963713000736},
	doi = {10.1016/j.aeolia.2013.09.002},
	language = {en},
	urldate = {2017-05-31},
	journal = {Aeolian Research},
	author = {Mahowald, Natalie and Albani, Samuel and Kok, Jasper F. and Engelstaeder, Sebastian and Scanza, Rachel and Ward, Daniel S. and Flanner, Mark G.},
	month = dec,
	year = {2014},
	pages = {53--71},
	file = {mawohald2013size.pdf:/home/webersa/.zotero/zotero/a9vqf6mb.default/zotero/storage/MQ434DDR/mawohald2013size.pdf:application/pdf}
}

@article{jaffrezo_size_2005,
	title = {Size distribution of {EC} and {OC} in the aerosol of {Alpine} valleys during summer and winter},
	volume = {5},
	number = {11},
	journal = {Atmospheric Chemistry and Physics},
	author = {Jaffrezo, Jean Luc and Aymoz, Gilles and Cozic, Julie},
	year = {2005},
	pages = {2915--2925},
	file = {jaffrezo2005a.pdf:/home/webersa/.zotero/zotero/a9vqf6mb.default/zotero/storage/E4VZ5XDQ/jaffrezo2005a.pdf:application/pdf}
}

@article{saltzman_methane_1983,
	title = {Methane {Sulfonic} {Acid} in the {Marine} {Atmosphere}},
	volume = {88},
	issn = {2156-2202},
	url = {http://dx.doi.org/10.1029/JC088iC15p10897},
	doi = {10.1029/JC088iC15p10897},
	number = {C15},
	journal = {Journal of Geophysical Research: Oceans},
	author = {Saltzman, E. S. and Savoie, D. L. and Zika, R. G. and Prospero, J. M.},
	year = {1983},
	pages = {10897--10902},
	file = {saltzman1983methane.pdf:/home/webersa/.zotero/zotero/a9vqf6mb.default/zotero/storage/X22VDUNJ/saltzman1983methane.pdf:application/pdf}
}

@article{lin_projected_2007,
	title = {Projected {Gradient} {Methods} for {Non}-negative {Matrix} {Factorization}},
	volume = {19},
	journal = {Neural Computation},
	author = {Lin, Chih-Jen},
	year = {2007},
	pages = {2756--2779}
}

@article{bates_reactive_2015,
	title = {Reactive oxygen species generation linked to sources of atmospheric particulate matter and cardiorespiratory effects},
	volume = {49},
	issn = {0013-936X, 1520-5851},
	url = {http://pubs.acs.org/doi/10.1021/acs.est.5b02967},
	doi = {10.1021/acs.est.5b02967},
	language = {en},
	number = {22},
	urldate = {2016-12-14},
	journal = {Environmental Science \& Technology},
	author = {Bates, Josephine T. and Weber, Rodney J. and Abrams, Joseph and Verma, Vishal and Fang, Ting and Klein, Mitchel and Strickland, Matthew J. and Sarnat, Stefanie Ebelt and Chang, Howard H. and Mulholland, James A. and Tolbert, Paige E. and Russell, Armistead G.},
	month = nov,
	year = {2015},
	pages = {13605--13612},
	file = {Bates_Weber_2015-DTT-sources-ROS-multiregression.pdf:/home/webersa/.zotero/zotero/a9vqf6mb.default/zotero/storage/3WXR88FE/Bates_Weber_2015-DTT-sources-ROS-multiregression.pdf:application/pdf}
}

@article{jaffrezo_carboxylic_1998,
	title = {Carboxylic acids measurements with ionic chromatography},
	volume = {32},
	url = {http://www.sciencedirect.com/science/article/pii/S1352231098000260},
	number = {14},
	urldate = {2017-06-15},
	journal = {Atmospheric Environment},
	author = {Jaffrezo, J. L. and Calas, N. and Bouchet, M.},
	year = {1998},
	pages = {2705--2708},
	file = {jaffrezo1998.pdf:/home/webersa/.zotero/zotero/a9vqf6mb.default/zotero/storage/IEJD9AVA/jaffrezo1998.pdf:application/pdf}
}

@article{almeida_source_2005,
	title = {Source apportionment of fine and coarse particulate matter in a sub-urban area at the {Western} {European} {Coast}},
	volume = {39},
	issn = {13522310},
	url = {http://linkinghub.elsevier.com/retrieve/pii/S1352231005001378},
	doi = {10.1016/j.atmosenv.2005.01.048},
	language = {en},
	number = {17},
	urldate = {2017-05-09},
	journal = {Atmospheric Environment},
	author = {Almeida, S and Pio, C and Freitas, M and Reis, M and Trancoso, M},
	month = jun,
	year = {2005},
	pages = {3127--3138},
	file = {almeida2005source.pdf:/home/webersa/.zotero/zotero/a9vqf6mb.default/zotero/storage/U4WJIUIC/almeida2005source.pdf:application/pdf}
}

@phdthesis{salque-moreton_etude_2014,
	title = {Etude d'aérosol atmosphérique par spectrométrie de masse à très haute résolution},
	url = {http://www.theses.fr/2014GRENU013},
	urldate = {2016-11-15},
	school = {Grenoble},
	author = {Salque-Moreton, Guillaume},
	year = {2014}
}

@article{lin_projected_2007-1,
	title = {Projected gradient methods for nonnegative matrix factorization},
	volume = {19},
	url = {http://www.mitpressjournals.org/doi/abs/10.1162/neco.2007.19.10.2756},
	number = {10},
	urldate = {2017-03-02},
	journal = {Neural computation},
	author = {Lin, Chih-Jen},
	year = {2007},
	pages = {2756--2779},
	file = {pgradnmf.pdf:/home/webersa/.zotero/zotero/a9vqf6mb.default/zotero/storage/J6P9ERNP/pgradnmf.pdf:application/pdf}
}

@article{boike_climatology_2008,
	title = {Climatology and summer energy and water balance of polygonal tundra in the {Lena} {River} {Delta}, {Siberia}},
	volume = {113},
	issn = {0148-0227},
	url = {http://doi.wiley.com/10.1029/2007JG000540},
	doi = {10.1029/2007JG000540},
	language = {en},
	number = {G3},
	urldate = {2016-11-15},
	journal = {Journal of Geophysical Research},
	author = {Boike, Julia and Wille, Christian and Abnizova, Anna},
	month = aug,
	year = {2008},
	file = {boike2008climatology.pdf:/home/webersa/.zotero/zotero/a9vqf6mb.default/zotero/storage/4S87SVV6/boike2008climatology.pdf:application/pdf}
}

@article{shuttleworth_putting_2007,
	title = {Putting the" vap" into evaporation},
	volume = {11},
	url = {http://www.hydrol-earth-syst-sci.net/11/210/},
	number = {1},
	urldate = {2016-11-15},
	journal = {Hydrology and Earth System Sciences},
	author = {Shuttleworth, W. James},
	year = {2007},
	pages = {210--244},
	file = {shuttleworth2007putting.pdf:/home/webersa/.zotero/zotero/a9vqf6mb.default/zotero/storage/IARUFGP2/shuttleworth2007putting.pdf:application/pdf}
}

@article{allen_estimating_2003,
	title = {Estimating signal amplitudes in optimal fingerprinting, part {I}: theory},
	volume = {21},
	issn = {1432-0894},
	url = {http://dx.doi.org/10.1007/s00382-003-0313-9},
	doi = {10.1007/s00382-003-0313-9},
	number = {5},
	journal = {Climate Dynamics},
	author = {Allen, M. R. and Stott, Peter A.},
	year = {2003},
	pages = {477--491}
}

@article{sellers_global_1969,
	title = {A {Global} {Climatic} {Model} {Based} on the {Energy} {Balance} of the {Earth}-{Atmosphere} {System}},
	volume = {8},
	url = {http://dx.doi.org/10.1175/1520-0450(1969)008<0392:AGCMBO>2.0.CO;2},
	doi = {10.1175/1520-0450(1969)008<0392:AGCMBO>2.0.CO;2},
	number = {3},
	journal = {Journal of Applied Meteorology and Climatology},
	author = {Sellers, William D.},
	year = {1969},
	pages = {392--400},
	file = {sellers1969global.pdf:/home/webersa/.zotero/zotero/a9vqf6mb.default/zotero/storage/RT239H5G/sellers1969global.pdf:application/pdf}
}

@article{visentin_urban_2016,
	title = {Urban {PM}2.5 oxidative potential: {Importance} of chemical species and comparison of two spectrophotometric cell-free assays},
	volume = {219},
	issn = {02697491},
	shorttitle = {Urban {PM}2.5 oxidative potential},
	url = {http://linkinghub.elsevier.com/retrieve/pii/S0269749116313185},
	doi = {10.1016/j.envpol.2016.09.047},
	language = {en},
	urldate = {2017-03-13},
	journal = {Environmental Pollution},
	author = {Visentin, Marco and Pagnoni, Antonella and Sarti, Elena and Pietrogrande, Maria Chiara},
	month = dec,
	year = {2016},
	pages = {72--79},
	file = {Visentin M. (2016)_Urban PM2.5 OP. Importance of chemical species and comp of two spectrophotometric cell-free assays.pdf:/home/webersa/.zotero/zotero/a9vqf6mb.default/zotero/storage/44SU5UAJ/Visentin M. (2016)_Urban PM2.5 OP. Importance of chemical species and comp of two spectrophotometric cell-free assays.pdf:application/pdf}
}

@article{midander_bioaccessibility_2009,
	title = {Bioaccessibility studies of ferro-chromium alloy particles for a simulated inhalation scenario: {A} comparative study with the pure metals and stainless steel},
	volume = {6},
	issn = {15513777},
	shorttitle = {Bioaccessibility studies of ferro-chromium alloy particles for a simulated inhalation scenario},
	url = {http://doi.wiley.com/10.1002/ieam.32},
	doi = {10.1002/ieam.32},
	language = {en},
	number = {3},
	urldate = {2017-06-08},
	journal = {Integrated Environmental Assessment and Management},
	author = {Midander, Klara and de Frutos, Alfredo and Hedberg, Yolanda and Darrie, Grant and Odnevall Wallinder, Inger},
	month = dec,
	year = {2009},
	pages = {441--455},
	file = {midander2009bioaccesibility.pdf:/home/webersa/.zotero/zotero/a9vqf6mb.default/zotero/storage/7X2STZE8/midander2009bioaccesibility.pdf:application/pdf}
}

@article{aymoz_seasonal_2007,
	title = {Seasonal variation of {PM} 10 main constituents in two valleys of the {French} {Alps}. {I}: {EC}/{OC} fractions},
	volume = {7},
	shorttitle = {Seasonal variation of {PM} 10 main constituents in two valleys of the {French} {Alps}. {I}},
	url = {http://www.atmos-chem-phys.net/7/661/2007/acp-7-661-2007.pdf},
	number = {3},
	urldate = {2017-09-20},
	journal = {Atmospheric Chemistry and Physics},
	author = {Aymoz, G. and Jaffrezo, J. L. and Chapuis, D. and Cozic, J. and Maenhaut, Willy},
	year = {2007},
	pages = {661--675},
	file = {Aymoz et al. - 2007 - Seasonal variation of PM 10 main constituents in t.pdf:/home/webersa/.zotero/zotero/a9vqf6mb.default/zotero/storage/FUGC4WKN/Aymoz et al. - 2007 - Seasonal variation of PM 10 main constituents in t.pdf:application/pdf}
}

@article{walter_methane_2006,
	title = {Methane bubbling from {Siberian} thaw lakes as a positive feedback to climate warming},
	volume = {443},
	issn = {0028-0836, 1476-4687},
	url = {http://www.nature.com/doifinder/10.1038/nature05040},
	doi = {10.1038/nature05040},
	number = {7107},
	urldate = {2016-11-25},
	journal = {Nature},
	author = {Walter, K. M. and Zimov, S. A. and Chanton, J. P. and Verbyla, D. and Chapin, F. S.},
	month = sep,
	year = {2006},
	pages = {71--75},
	file = {walter2006methane.pdf:/home/webersa/.zotero/zotero/a9vqf6mb.default/zotero/storage/MS5SPAS9/walter2006methane.pdf:application/pdf}
}

@incollection{pope_iii_epidemiology_1999,
	title = {Epidemiology of {Particle} {Effects}},
	isbn = {978-0-12-352335-8},
	url = {http://www.sciencedirect.com/science/article/pii/B978012352335850106X},
	booktitle = {Air {Polution} and {Health}},
	publisher = {Academic Press},
	author = {Pope III, C. Arden and Dockery, Douglas W},
	year = {1999},
	pages = {673--705}
}

@article{burn_observations_1988,
	title = {Observations of the "thermal offset" in near-surface mean annual ground temperatures at several sites near {Mayo}, {Yukon} territory, {Canada}},
	volume = {41},
	number = {2},
	journal = {Artic},
	author = {Burn, C.R and Smith, C.A.S},
	year = {1988},
	file = {burn1988observations.pdf:/home/webersa/.zotero/zotero/a9vqf6mb.default/zotero/storage/X3X8IHM8/burn1988observations.pdf:application/pdf}
}

@article{daanen_simulating_2008,
	title = {Simulating nonsorted circle development in arctic tundra ecosystems},
	volume = {113},
	issn = {0148-0227},
	url = {http://doi.wiley.com/10.1029/2008JG000682},
	doi = {10.1029/2008JG000682},
	language = {en},
	number = {G3},
	urldate = {2016-11-15},
	journal = {Journal of Geophysical Research},
	author = {Daanen, Ronald P. and Misra, Debasmita and Epstein, Howard and Walker, Donald and Romanovsky, Vladimir},
	month = jul,
	year = {2008},
	file = {daanen2008simulating.pdf:/home/webersa/.zotero/zotero/a9vqf6mb.default/zotero/storage/KZMN3HBC/daanen2008simulating.pdf:application/pdf}
}

@article{shirmohammadi_fine_2016,
	title = {Fine and ultrafine particulate organic carbon in the {Los} {Angeles} basin: {Trends} in sources and composition},
	volume = {541},
	issn = {00489697},
	shorttitle = {Fine and ultrafine particulate organic carbon in the {Los} {Angeles} basin},
	url = {http://linkinghub.elsevier.com/retrieve/pii/S0048969715307944},
	doi = {10.1016/j.scitotenv.2015.09.133},
	language = {en},
	urldate = {2017-09-19},
	journal = {Science of The Total Environment},
	author = {Shirmohammadi, Farimah and Hasheminassab, Sina and Saffari, Arian and Schauer, James J. and Delfino, Ralph J. and Sioutas, Constantinos},
	month = jan,
	year = {2016},
	pages = {1083--1096},
	file = {shirmohammadi2016.pdf:/home/webersa/.zotero/zotero/a9vqf6mb.default/zotero/storage/3USS42I7/shirmohammadi2016.pdf:application/pdf}
}

@article{petit_two_2015,
	title = {Two years of near real-time chemical composition of submicron aerosols in the region of {Paris} using an {Aerosol} {Chemical} {Speciation} {Monitor} ({ACSM}) and a multi-wavelength {Aethalometer}},
	volume = {15},
	issn = {1680-7324},
	url = {http://www.atmos-chem-phys.net/15/2985/2015/},
	doi = {10.5194/acp-15-2985-2015},
	language = {en},
	number = {6},
	urldate = {2017-09-26},
	journal = {Atmospheric Chemistry and Physics},
	author = {Petit, J.-E. and Favez, O. and Sciare, J. and Crenn, V. and Sarda-Estève, R. and Bonnaire, N. and Močnik, G. and Dupont, J.-C. and Haeffelin, M. and Leoz-Garziandia, E.},
	month = mar,
	year = {2015},
	pages = {2985--3005},
	file = {Petit et al. - 2015 - Two years of near real-time chemical composition o.pdf:/home/webersa/.zotero/zotero/a9vqf6mb.default/zotero/storage/VGEFIZN3/Petit et al. - 2015 - Two years of near real-time chemical composition o.pdf:application/pdf}
}

@techreport{air_rhone-alpes_influence_2012,
	title = {Influence des pratiques de viabilité hivernale sur les concentrations de {PM}10},
	url = {http://www.air-rhonealpes.fr/sites/ra/files/publications_import/files/2012_influence_salage_pm10_rhonealpes.pdf},
	institution = {Air Rhône-Alpes},
	author = {{Air Rhône-Alpes}},
	year = {2012},
	pages = {58},
	file = {2012_influence_salage_pm10_rhonealpes.pdf:/home/webersa/.zotero/zotero/a9vqf6mb.default/zotero/storage/XBB4DQD4/2012_influence_salage_pm10_rhonealpes.pdf:application/pdf}
}

@article{belis_critical_2013,
	title = {Critical review and meta-analysis of ambient particulate matter source apportionment using receptor models in {Europe}},
	volume = {69},
	issn = {13522310},
	url = {http://linkinghub.elsevier.com/retrieve/pii/S1352231012010540},
	doi = {10.1016/j.atmosenv.2012.11.009},
	language = {en},
	urldate = {2017-05-09},
	journal = {Atmospheric Environment},
	author = {Belis, C.A. and Karagulian, F. and Larsen, B.R. and Hopke, P.K.},
	month = apr,
	year = {2013},
	pages = {94--108},
	file = {belis2013critical.pdf:/home/webersa/.zotero/zotero/a9vqf6mb.default/zotero/storage/59DE6VSF/belis2013critical.pdf:application/pdf}
}

@article{weichenthal_pm2.5_2016,
	title = {{PM}2.5 and emergency room visits for respiratory illness: effect modification by oxidative potential.},
	journal = {American journal of respiratory and critical care medicine},
	author = {Weichenthal, S.A. and Lavigne, E and Evans, G. J. and Godri, Krystal J. and Burnett, R.T.},
	year = {2016}
}

@article{jedynska_spatial_2017,
	title = {Spatial variations and development of land use regression models of oxidative potential in ten {European} study areas},
	volume = {150},
	issn = {13522310},
	url = {http://linkinghub.elsevier.com/retrieve/pii/S1352231016309025},
	doi = {10.1016/j.atmosenv.2016.11.029},
	language = {en},
	urldate = {2017-04-19},
	journal = {Atmospheric Environment},
	author = {Jedynska, Aleksandra and Hoek, Gerard and Wang, Meng and Yang, Aileen and Eeftens, Marloes and Cyrys, Josef and Keuken, Menno and Ampe, Christophe and Beelen, Rob and Cesaroni, Giulia and Forastiere, Francesco and Cirach, Marta and de Hoogh, Kees and De Nazelle, Audrey and Nystad, Wenche and Akhlaghi, Helgah Makarem and Declercq, Christophe and Stempfelet, Morgane and Eriksen, Kirsten T. and Dimakopoulou, Konstantina and Lanki, Timo and Meliefste, Kees and Nieuwenhuijsen, Mark and Yli-Tuomi, Tarja and Raaschou-Nielsen, Ole and Janssen, Nicole A.H. and Brunekreef, Bert and Kooter, Ingeborg M.},
	month = feb,
	year = {2017},
	pages = {24--32},
	file = {30145031.pdf:/home/webersa/.zotero/zotero/a9vqf6mb.default/zotero/storage/TW8PDUMA/30145031.pdf:application/pdf}
}

@article{perrone_pm_nodate,
	title = {{PM} chemical composition and oxidative potential of the soluble fraction of particles at two sites in the urban area of {Milan}, {Northern} {Italy}.},
	author = {Perrone, Maria Grazia}
}

@article{moreno_variations_2011,
	title = {Variations in time and space of trace metal aerosol concentrations in urban areas and their surroundings},
	volume = {11},
	issn = {1680-7324},
	url = {http://www.atmos-chem-phys.net/11/9415/2011/},
	doi = {10.5194/acp-11-9415-2011},
	language = {en},
	number = {17},
	urldate = {2017-05-09},
	journal = {Atmospheric Chemistry and Physics},
	author = {Moreno, Teresa and Querol, Xavier and Alastuey, Andres and Reche, Cristina and Cusack, Michael and Amato, Fulvio and Pandolfi, Marco and Pey, Jorge and Richard, A. and Prévôt, André. S. H. and Furger, Markus and Gibbons, W.},
	month = sep,
	year = {2011},
	pages = {9415--9430},
	file = {moreno2011variations.pdf:/home/webersa/.zotero/zotero/a9vqf6mb.default/zotero/storage/N3ZMU7KW/moreno2011variations.pdf:application/pdf}
}

@book{chun_au_2007,
	address = {Paris},
	title = {Au coeur de {Python}: version 2.5},
	isbn = {978-2-7440-2148-0 978-2-7440-2195-4},
	shorttitle = {Au coeur de {Python}},
	language = {French},
	publisher = {CampusPress},
	author = {Chun, Wesley J},
	year = {2007},
	note = {OCLC: 470608770},
	file = {apprendre_python3_5.pdf:/home/webersa/.zotero/zotero/a9vqf6mb.default/zotero/storage/BXHZ994M/apprendre_python3_5.pdf:application/pdf}
}

@article{jang_formation_2007,
	title = {Formation of fine particles enriched by {V} and {Ni} from heavy oil combustion: {Anthropogenic} sources and drop-tube furnace experiments},
	volume = {41},
	issn = {13522310},
	shorttitle = {Formation of fine particles enriched by {V} and {Ni} from heavy oil combustion},
	url = {http://linkinghub.elsevier.com/retrieve/pii/S1352231006009472},
	doi = {10.1016/j.atmosenv.2006.09.011},
	language = {en},
	number = {5},
	urldate = {2017-05-11},
	journal = {Atmospheric Environment},
	author = {Jang, Ha-Na and Seo, Yong-Chil and Lee, Ju-Hyung and Hwang, Kyu-Won and Yoo, Jong-Ik and Sok, Chong-Hui and Kim, Seong-Heon},
	month = feb,
	year = {2007},
	pages = {1053--1063},
	file = {jang2007formation_of_fine_particles.pdf:/home/webersa/.zotero/zotero/a9vqf6mb.default/zotero/storage/4SJX9DCA/jang2007formation_of_fine_particles.pdf:application/pdf}
}

@article{zhang_surface_2014,
	title = {Surface and free tropospheric sources of methanesulfonic acid over the tropical {Pacific} {Ocean}},
	volume = {41},
	issn = {00948276},
	shorttitle = {Surface and free tropospheric sources of methanesulfonic acid over the tropical {Pacific} {Ocean}},
	url = {http://doi.wiley.com/10.1002/2014GL060934},
	doi = {10.1002/2014GL060934},
	language = {en},
	number = {14},
	urldate = {2017-05-09},
	journal = {Geophysical Research Letters},
	author = {Zhang, Yuzhong and Wang, Yuhang and Gray, Burton Alonza and Gu, Dasa and Mauldin, Lee and Cantrell, Christopher and Bandy, Alan},
	month = jul,
	year = {2014},
	pages = {5239--5245},
	file = {zhang2014surface.pdf:/home/webersa/.zotero/zotero/a9vqf6mb.default/zotero/storage/4A8GAVEP/zhang2014surface.pdf:application/pdf}
}

@article{pacyna_current_2007,
	title = {Current and future emissions of selected heavy metals to the atmosphere from anthropogenic sources in {Europe}},
	volume = {41},
	issn = {13522310},
	url = {http://linkinghub.elsevier.com/retrieve/pii/S1352231007006267},
	doi = {10.1016/j.atmosenv.2007.07.040},
	language = {en},
	number = {38},
	urldate = {2017-05-11},
	journal = {Atmospheric Environment},
	author = {Pacyna, Elisabeth G. and Pacyna, Jozef M. and Fudala, Janina and Strzelecka-Jastrzab, Ewa and Hlawiczka, Stanislaw and Panasiuk, Damian and Nitter, Steffen and Pregger, Thomas and Pfeiffer, Heiko and Friedrich, Rainer},
	month = dec,
	year = {2007},
	pages = {8557--8566},
	file = {pacyna2007current_and_futur_emission.pdf:/home/webersa/.zotero/zotero/a9vqf6mb.default/zotero/storage/FUFWTM5Q/pacyna2007current_and_futur_emission.pdf:application/pdf}
}

@article{saffari_seasonal_2014,
	title = {Seasonal and spatial variation in dithiothreitol ({DTT}) activity of quasi-ultrafine particles in the {Los} {Angeles} {Basin} and its association with chemical species},
	volume = {49},
	issn = {1093-4529, 1532-4117},
	url = {http://www.tandfonline.com/doi/abs/10.1080/10934529.2014.854677},
	doi = {10.1080/10934529.2014.854677},
	language = {en},
	number = {4},
	urldate = {2017-06-09},
	journal = {Journal of Environmental Science and Health, Part A},
	author = {Saffari, Arian and Daher, Nancy and Shafer, Martin M. and Schauer, James J. and Sioutas, Constantinos},
	month = mar,
	year = {2014},
	pages = {441--451},
	file = {Saffari et al. - 2014 - Seasonal and spatial variation in dithiothreitol (.pdf:/home/webersa/.zotero/zotero/a9vqf6mb.default/zotero/storage/5CJDMJXX/Saffari et al. - 2014 - Seasonal and spatial variation in dithiothreitol (.pdf:application/pdf}
}

@article{weber_nitrogens_2017,
	title = {Nitrogen's stable isotopes as a proxy to determine ammonium sources in {PM} using a coupled {PMF}/{Monte} {Carlo}'s simulation: evidence that high ammonium concentrations during spring pollution episodes in {France} {Mainly} come from the use of urea-ammonia-nitrate fertilizer.},
	journal = {in prep.},
	author = {Weber, Samuël and Jaffrezo, Jean-Luc and Golly, Benjamin and Barbero, A and Nicolas, Caillon and Loubet, B and Favez, Olivier and Savarino, Joël},
	year = {2017}
}

@article{bozzetti_argon_2016,
	title = {Argon offline-{AMS} source apportionment of organic aerosol over yearly cycles for an urban, rural and marine site in {Northern} {Europe}},
	issn = {1680-7375},
	url = {http://www.atmos-chem-phys-discuss.net/acp-2016-413/},
	doi = {10.5194/acp-2016-413},
	language = {en},
	urldate = {2017-09-20},
	journal = {Atmospheric Chemistry and Physics Discussions},
	author = {Bozzetti, C. and Sosedova, Y. and Xiao, M. and Daellenbach, K. R. and Ulevicius, V. and Dudoitis, V. and Mordas, G. and Byčenkienė, S. and Plauškaitė, K. and Vlachou, A. and Golly, B. and Chazeau, B. and Besombes, J.-L. and Baltensperger, U. and Jaffrezo, J.-L. and Slowik, J. G. and El Haddad, I. and Prévôt, A. S. H.},
	month = may,
	year = {2016},
	pages = {1--48},
	file = {bozzeti2016.pdf:/home/webersa/.zotero/zotero/a9vqf6mb.default/zotero/storage/Z8WZV945/bozzeti2016.pdf:application/pdf}
}

@article{fang_oxidative_2016,
	title = {Oxidative potential of ambient water-soluble {PM} 2.5 in the southeastern {United} {States}: contrasts in sources and health associations between ascorbic acid ({AA}) and dithiothreitol ({DTT}) assays},
	volume = {16},
	issn = {1680-7324},
	shorttitle = {Oxidative potential of ambient water-soluble {PM}\&lt;sub\&gt;2.5\&lt;/sub\&gt; in the southeastern {United} {States}},
	url = {http://www.atmos-chem-phys.net/16/3865/2016/},
	doi = {10.5194/acp-16-3865-2016},
	language = {en},
	number = {6},
	urldate = {2017-05-29},
	journal = {Atmospheric Chemistry and Physics},
	author = {Fang, Ting and Verma, Vishal and Bates, Josephine T. and Abrams, Joseph and Klein, Mitchel and Strickland, Matthew J. and Sarnat, Stefanie E. and Chang, Howard H. and Mulholland, James A. and Tolbert, Paige E. and Russell, Armistead G. and Weber, Rodney J.},
	month = mar,
	year = {2016},
	pages = {3865--3879},
	file = {fang2016oxidative.pdf:/home/webersa/.zotero/zotero/a9vqf6mb.default/zotero/storage/GPQA56AT/fang2016oxidative.pdf:application/pdf}
}

@phdthesis{golly_etude_2014,
	title = {Étude des sources et de la dynamique atmosphérique de polluants organiques particulaires en vallées alpines: apport de nouveaux traceurs organiques aux modèles récepteurs},
	shorttitle = {Étude des sources et de la dynamique atmosphérique de polluants organiques particulaires en vallées alpines},
	url = {http://www.theses.fr/2014GRENA019},
	urldate = {2017-05-09},
	school = {Grenoble},
	author = {Golly, Benjamin},
	year = {2014},
	file = {Golly - 2014 - Étude des sources et de la dynamique atmosphérique.pdf:/home/webersa/.zotero/zotero/a9vqf6mb.default/zotero/storage/MP9P3H2K/Golly - 2014 - Étude des sources et de la dynamique atmosphérique.pdf:application/pdf}
}

@article{perrone_pm_2016,
	title = {{PM} chemical composition and oxidative potential of the soluble fraction of particles at two sites in the urban area of {Milan}, {Northern} {Italy}},
	volume = {128},
	issn = {13522310},
	url = {http://linkinghub.elsevier.com/retrieve/pii/S135223101530618X},
	doi = {10.1016/j.atmosenv.2015.12.040},
	language = {en},
	urldate = {2017-03-30},
	journal = {Atmospheric Environment},
	author = {Perrone, Maria Grazia and Zhou, Jun and Malandrino, Mery and Sangiorgi, Giorgia and Rizzi, Cristiana and Ferrero, Luca and Dommen, Josef and Bolzacchini, Ezio},
	month = mar,
	year = {2016},
	pages = {104--113},
	file = {perrone2016PMchemicalOP.pdf:/home/webersa/.zotero/zotero/a9vqf6mb.default/zotero/storage/TPIBA6W2/perrone2016PMchemicalOP.pdf:application/pdf}
}

@inproceedings{liu_water_2009,
	title = {Water {Diffusivity} of {Sandy} {Soil} of {Different} {Particle} {Sizes} in {Typical} {Sandy} {Cropland}},
	isbn = {978-0-7695-3682-8},
	url = {http://ieeexplore.ieee.org/document/5199902/},
	doi = {10.1109/ESIAT.2009.368},
	urldate = {2016-11-15},
	publisher = {IEEE},
	author = {Liu, Xinping and Zhao, Halin and He, Yuhui and Zhao, Xueyong and Zhang, Tonghui and Li, Yuqiang},
	month = jul,
	year = {2009},
	pages = {335--338},
	file = {xinping2009water.pdf:/home/webersa/.zotero/zotero/a9vqf6mb.default/zotero/storage/NXETDJTR/xinping2009water.pdf:application/pdf}
}

@article{etzelmuller_modeling_2011,
	title = {Modeling the temperature evolution of {Svalbard} permafrost during the 20th and 21st century},
	volume = {5},
	issn = {1994-0424},
	url = {http://www.the-cryosphere.net/5/67/2011/},
	doi = {10.5194/tc-5-67-2011},
	language = {en},
	number = {1},
	urldate = {2016-11-15},
	journal = {The Cryosphere},
	author = {Etzelmüller, B. and Schuler, T. V. and Isaksen, K. and Christiansen, H. H. and Farbrot, H. and Benestad, R.},
	month = feb,
	year = {2011},
	pages = {67--79},
	file = {etzelmuller2011modeling.pdf:/home/webersa/.zotero/zotero/a9vqf6mb.default/zotero/storage/3MPRXE9J/etzelmuller2011modeling.pdf:application/pdf}
}

@article{paatero_positive_1994,
	title = {Positive matrix factorization: {A} non-negative factor model with optimal utilization of error estimates of data values},
	volume = {5},
	shorttitle = {Positive matrix factorization},
	url = {http://onlinelibrary.wiley.com/doi/10.1002/env.3170050203/full},
	number = {2},
	urldate = {2017-05-04},
	journal = {Environmetrics},
	author = {Paatero, Pentti and Tapper, Unto},
	year = {1994},
	pages = {111--126},
	file = {paatero1994.pdf:/home/webersa/.zotero/zotero/a9vqf6mb.default/zotero/storage/RTF72U3X/paatero1994.pdf:application/pdf}
}

@article{verma_reactive_2014,
	title = {Reactive oxygen species associated with water-soluble {PM}2 in the southeastern {United} {States}: spatiotemporal trends and source apportionment.},
	volume = {14},
	issn = {1680-7324},
	shorttitle = {Reactive oxygen species associated with water-soluble {PM}\&lt;sub\&gt;2.5\&lt;/sub\&gt; in the southeastern {United} {States}},
	url = {http://www.atmos-chem-phys.net/14/12915/2014/},
	doi = {10.5194/acp-14-12915-2014},
	language = {en},
	number = {23},
	urldate = {2017-02-17},
	journal = {Atmospheric Chemistry and Physics},
	author = {Verma, V. and Fang, T. and Guo, H. and King, L. and Bates, J. T. and Peltier, R. E. and Edgerton, E. and Russell, A. G. and Weber, R. J.},
	month = dec,
	year = {2014},
	pages = {12915--12930},
	file = {verma2014reactive.pdf:/home/webersa/.zotero/zotero/a9vqf6mb.default/zotero/storage/8NII9TSR/verma2014reactive.pdf:application/pdf}
}

@article{zhang_influence_2005,
	title = {Influence of the seasonal snow cover on the ground thermal regime: {An} overview},
	volume = {43},
	issn = {8755-1209},
	shorttitle = {Influence of the seasonal snow cover on the ground thermal regime},
	url = {http://doi.wiley.com/10.1029/2004RG000157},
	doi = {10.1029/2004RG000157},
	language = {en},
	number = {4},
	urldate = {2016-11-15},
	journal = {Reviews of Geophysics},
	author = {Zhang, Tingjun},
	year = {2005},
	file = {zhang2005influence.pdf:/home/webersa/.zotero/zotero/a9vqf6mb.default/zotero/storage/ID8599GV/zhang2005influence.pdf:application/pdf}
}

@article{simoneit_levoglucosan_1999,
	title = {Levoglucosan, a tracer for cellulose in biomass burning and atmospheric particles},
	volume = {33},
	url = {http://www.sciencedirect.com/science/article/pii/S1352231098001459},
	number = {2},
	urldate = {2017-05-04},
	journal = {Atmospheric Environment},
	author = {Simoneit, Bernd RT and Schauer, James J. and Nolte, C. G. and Oros, Daniel R. and Elias, Vladimir O. and Fraser, M. P. and Rogge, W. F. and Cass, Glen R.},
	year = {1999},
	pages = {173--182},
	file = {simoneit1999levoglucosan.pdf:/home/webersa/.zotero/zotero/a9vqf6mb.default/zotero/storage/48PISPD3/simoneit1999levoglucosan.pdf:application/pdf}
}

@inproceedings{seabold_statsmodels:_2010,
	title = {Statsmodels: {Econometric} and statistical modeling with python},
	volume = {57},
	shorttitle = {Statsmodels},
	url = {https://www.researchgate.net/profile/Josef_Perktold/publication/264891066_Statsmodels_Econometric_and_Statistical_Modeling_with_Python/links/5667ca9308ae34c89a0261a8/Statsmodels-Econometric-and-Statistical-Modeling-with-Python.pdf},
	urldate = {2017-10-11},
	booktitle = {Proceedings of the 9th {Python} in {Science} {Conference}},
	author = {Seabold, Skipper and Perktold, Josef},
	year = {2010},
	pages = {61},
	file = {seabold.pdf:/home/webersa/.zotero/zotero/a9vqf6mb.default/zotero/storage/UDBWIVEV/seabold.pdf:application/pdf}
}

@misc{us_epa_positive_2017,
	title = {Positive {Matrix} {Factorization} {Model} for environmental data analyses},
	shorttitle = {{PMF} 5.0},
	url = {https://www.epa.gov/air-research/positive-matrix-factorization-model-environmental-data-analyses},
	urldate = {2017-09-07},
	journal = {www.epa.gov},
	author = {{US EPA}},
	year = {2017}
}

@article{kelly_protein_2003,
	title = {Protein oxidation at the air-lung interface},
	volume = {25},
	issn = {0939-4451, 1438-2199},
	url = {http://link.springer.com/10.1007/s00726-003-0024-x},
	doi = {10.1007/s00726-003-0024-x},
	language = {en},
	number = {3-4},
	urldate = {2017-10-11},
	journal = {Amino Acids},
	author = {Kelly, F. J. and Mudway, I. S.},
	month = dec,
	year = {2003},
	pages = {375--396},
	file = {Kelly et Mudway - 2003 - Protein oxidation at the air-lung interface.pdf:/home/webersa/.zotero/zotero/a9vqf6mb.default/zotero/storage/6ENN7X6Q/Kelly et Mudway - 2003 - Protein oxidation at the air-lung interface.pdf:application/pdf}
}

@article{samake_unexpected_2017,
	title = {The unexpected role of bioaerosols in the {Oxidative} {Potential} of {PM}},
	volume = {7},
	issn = {2045-2322},
	url = {http://www.nature.com/articles/s41598-017-11178-0},
	doi = {10.1038/s41598-017-11178-0},
	language = {en},
	number = {1},
	urldate = {2017-10-18},
	journal = {Scientific Reports},
	author = {Samake, A. and Uzu, G. and Martins, J. M. F. and Calas, A. and Vince, E. and Parat, S. and Jaffrezo, J. L.},
	month = dec,
	year = {2017},
	file = {samake_et_al-2017-scientific_reports.pdf:/home/webersa/.zotero/zotero/a9vqf6mb.default/zotero/storage/GQGQR7XN/samake_et_al-2017-scientific_reports.pdf:application/pdf}
}

@article{cohen_estimates_2017,
	title = {Estimates and 25-year trends of the global burden of disease attributable to ambient air pollution: an analysis of data from the {Global} {Burden} of {Diseases} {Study} 2015},
	volume = {389},
	shorttitle = {Estimates and 25-year trends of the global burden of disease attributable to ambient air pollution},
	number = {10082},
	journal = {The Lancet},
	author = {Cohen, Aaron J. and Brauer, Michael and Burnett, Richard and Anderson, H. Ross and Frostad, Joseph and Estep, Kara and Balakrishnan, Kalpana and Brunekreef, Bert and Dandona, Lalit and Dandona, Rakhi},
	year = {2017},
	pages = {1907--1918},
	file = {Cohen et al. - 2017 - Estimates and 25-year trends of the global burden .pdf:/home/webersa/.zotero/zotero/a9vqf6mb.default/zotero/storage/RXNWE2CC/Cohen et al. - 2017 - Estimates and 25-year trends of the global burden .pdf:application/pdf}
}

@article{fang_pm2.5_2015,
	title = {{PM}$_{\textrm{2.5}}$ water-soluble elements in the southeastern {United} {States}: automated analytical method development, spatiotemporal distributions, source apportionment, and implications for heath studies},
	volume = {15},
	issn = {1680-7324},
	shorttitle = {{PM}$_{\textrm{2.5}}$ water-soluble elements in the southeastern {United} {States}},
	url = {http://www.atmos-chem-phys.net/15/11667/2015/},
	doi = {10.5194/acp-15-11667-2015},
	language = {en},
	number = {20},
	journal = {Atmospheric Chemistry and Physics},
	author = {Fang, T. and Guo, H. and Verma, V. and Peltier, R. E. and Weber, R. J.},
	month = oct,
	year = {2015},
	pages = {11667--11682},
	file = {Fang et al. - 2015 - PMsub2.5sub water-soluble elements in the sou.pdf:/home/webersa/.zotero/zotero/a9vqf6mb.default/zotero/storage/33GIHXW8/Fang et al. - 2015 - PMsub2.5sub water-soluble elements in the sou.pdf:application/pdf}
}

@article{fang_semi-automated_2015,
	title = {A semi-automated system for quantifying the oxidative potential of ambient particles in aqueous extracts using the dithiothreitol ({DTT}) assay: results from the {Southeastern} {Center} for {Air} {Pollution} and {Epidemiology} ({SCAPE})},
	volume = {8},
	issn = {1867-8548},
	shorttitle = {A semi-automated system for quantifying the oxidative potential of ambient particles in aqueous extracts using the dithiothreitol ({DTT}) assay},
	url = {http://www.atmos-meas-tech.net/8/471/2015/},
	doi = {10.5194/amt-8-471-2015},
	language = {en},
	number = {1},
	urldate = {2017-10-23},
	journal = {Atmospheric Measurement Techniques},
	author = {Fang, T. and Verma, V. and Guo, H. and King, L. E. and Edgerton, E. S. and Weber, R. J.},
	month = jan,
	year = {2015},
	pages = {471--482},
	file = {Fang et al. - 2015 - A semi-automated system for quantifying the oxidat.pdf:/home/webersa/.zotero/zotero/a9vqf6mb.default/zotero/storage/9FK72NGE/Fang et al. - 2015 - A semi-automated system for quantifying the oxidat.pdf:application/pdf}
}

@article{petit_black_2017,
	title = {Black {Carbon} in {Lorraine}: sources, geographical origins and model evaluation},
	volume = {7},
	shorttitle = {Black {Carbon} in {Lorraine}},
	journal = {Journal of Earth Sciences and Geotechnical Engineering},
	author = {Petit, Jean-Eudes and Jantzem, Emmanuel and B. Nicolas, José and Conil, Sébastien and Sellegri, Karine and Ockler, Alexandre},
	month = jan,
	year = {2017},
	pages = {319--331},
	file = {Petit et al. - 2017 - Black Carbon in Lorraine sources, geographical or.pdf:/home/webersa/.zotero/zotero/a9vqf6mb.default/zotero/storage/37HPKAQD/Petit et al. - 2017 - Black Carbon in Lorraine sources, geographical or.pdf:application/pdf;Snapshot:/home/webersa/.zotero/zotero/a9vqf6mb.default/zotero/storage/ZWJ9QAZI/313401452_Black_Carbon_in_Lorraine_sources_geographical_origins_and_model_evaluation.pdf:application/pdf}
}

@article{sandradewi_using_2008,
	title = {Using {Aerosol} {Light} {Absorption} {Measurements} for the {Quantitative} {Determination} of {Wood} {Burning} and {Traffic} {Emission} {Contributions} to {Particulate} {Matter}},
	volume = {42},
	issn = {0013-936X, 1520-5851},
	url = {http://pubs.acs.org/doi/abs/10.1021/es702253m},
	doi = {10.1021/es702253m},
	language = {en},
	number = {9},
	journal = {Environmental Science \& Technology},
	author = {Sandradewi, Jisca and Prévôt, Andre S. H. and Szidat, Sönke and Perron, Nolwenn and Alfarra, M. Rami and Lanz, Valentin A. and Weingartner, Ernest and Baltensperger, Urs},
	month = may,
	year = {2008},
	pages = {3316--3323},
	file = {Sandradewi et al. - 2008 - Using Aerosol Light Absorption Measurements for th.pdf:/home/webersa/.zotero/zotero/a9vqf6mb.default/zotero/storage/S23BQ6MJ/Sandradewi et al. - 2008 - Using Aerosol Light Absorption Measurements for th.pdf:application/pdf}
}

@article{zanatta_european_2016,
	title = {A {European} aerosol phenomenology-5: {Climatology} of black carbon optical properties at 9 regional background sites across {Europe}},
	volume = {145},
	issn = {13522310},
	shorttitle = {A {European} aerosol phenomenology-5},
	url = {http://linkinghub.elsevier.com/retrieve/pii/S135223101630735X},
	doi = {10.1016/j.atmosenv.2016.09.035},
	language = {en},
	urldate = {2017-10-31},
	journal = {Atmospheric Environment},
	author = {Zanatta, M. and Gysel, M. and Bukowiecki, N. and Müller, T. and Weingartner, E. and Areskoug, H. and Fiebig, M. and Yttri, K.E. and Mihalopoulos, N. and Kouvarakis, G. and Beddows, D. and Harrison, R.M. and Cavalli, F. and Putaud, J.P. and Spindler, G. and Wiedensohler, A. and Alastuey, A. and Pandolfi, M. and Sellegri, K. and Swietlicki, E. and Jaffrezo, J.L. and Baltensperger, U. and Laj, P.},
	month = nov,
	year = {2016},
	pages = {346--364},
	file = {Zanatta et al. - 2016 - A European aerosol phenomenology-5 Climatology of.pdf:/home/webersa/.zotero/zotero/a9vqf6mb.default/zotero/storage/K9R3VRQK/Zanatta et al. - 2016 - A European aerosol phenomenology-5 Climatology of.pdf:application/pdf}
}

@inproceedings{salameh_seasonal_2016,
	title = {Seasonal variation of {PM} chemical constituents in different {French} urban environments},
	volume = {18},
	booktitle = {{EGU} {General} {Assembly} {Conference} {Abstracts}},
	author = {Salameh, Dalia and Golly, Benjamin and Besombes, Jean Luc and Chevrier, Florie and Alleman, Laurent and Favez, Olivier and Jaffrezo, Jean Luc},
	year = {2016},
	pages = {15445},
	file = {PosterEGU2016_DSALAMEH.pdf:/home/webersa/.zotero/zotero/a9vqf6mb.default/zotero/storage/3W2HZ2D6/PosterEGU2016_DSALAMEH.pdf:application/pdf}
}

@phdthesis{salameh_impacts_2015,
	title = {Impacts atmosphériques des activités portuaires et industrielles sur les particules fines ({PM}2. 5) à {Marseille}},
	school = {Aix-Marseille},
	author = {Salameh, Dalia},
	year = {2015},
	file = {Salameh - 2015 - Impacts atmosphériques des activités portuaires et.pdf:/home/webersa/.zotero/zotero/a9vqf6mb.default/zotero/storage/9JJU798C/Salameh - 2015 - Impacts atmosphériques des activités portuaires et.pdf:application/pdf}
}

@article{biswas_oxidative_2009,
	title = {Oxidative {Potential} of {Semi}-{Volatile} and {Non} {Volatile} {Particulate} {Matter} ({PM}) from {Heavy}-{Duty} {Vehicles} {Retrofitted} with {Emission} {Control} {Technologies}},
	volume = {43},
	issn = {0013-936X, 1520-5851},
	url = {http://pubs.acs.org/doi/abs/10.1021/es9000592},
	doi = {10.1021/es9000592},
	language = {en},
	number = {10},
	urldate = {2017-11-06},
	journal = {Environmental Science \& Technology},
	author = {Biswas, Subhasis and Verma, Vishal and Schauer, James J. and Cassee, Flemming R. and Cho, Arthur K. and Sioutas, Constantinos},
	month = may,
	year = {2009},
	pages = {3905--3912},
	file = {biswas2009.pdf:/home/webersa/.zotero/zotero/a9vqf6mb.default/zotero/storage/KW6PH47E/biswas2009.pdf:application/pdf}
}

@article{verma_contribution_2012,
	title = {Contribution of {Water}-{Soluble} and {Insoluble} {Components} and {Their} {Hydrophobic}/{Hydrophilic} {Subfractions} to the {Reactive} {Oxygen} {Species}-{Generating} {Potential} of {Fine} {Ambient} {Aerosols}},
	volume = {46},
	issn = {0013-936X, 1520-5851},
	url = {http://pubs.acs.org/doi/10.1021/es302484r},
	doi = {10.1021/es302484r},
	language = {en},
	number = {20},
	urldate = {2017-11-06},
	journal = {Environmental Science \& Technology},
	author = {Verma, Vishal and Rico-Martinez, Roberto and Kotra, Neel and King, Laura and Liu, Jiumeng and Snell, Terry W. and Weber, Rodney J.},
	month = oct,
	year = {2012},
	pages = {11384--11392},
	file = {verma2012.pdf:/home/webersa/.zotero/zotero/a9vqf6mb.default/zotero/storage/7BT5CGNF/verma2012.pdf:application/pdf}
}

@article{cho_redox_2005,
	title = {Redox activity of airborne particulate matter at different sites in the {Los} {Angeles} {Basin}},
	volume = {99},
	issn = {00139351},
	url = {http://linkinghub.elsevier.com/retrieve/pii/S0013935105000058},
	doi = {10.1016/j.envres.2005.01.003},
	language = {en},
	number = {1},
	urldate = {2017-11-06},
	journal = {Environmental Research},
	author = {Cho, Arthur K. and Sioutas, Constantinos and Miguel, Antonio H. and Kumagai, Yoshito and Schmitz, Debra A. and Singh, Manisha and Eiguren-Fernandez, Arantza and Froines, John R.},
	month = sep,
	year = {2005},
	pages = {40--47},
	file = {cho2005.pdf:/home/webersa/.zotero/zotero/a9vqf6mb.default/zotero/storage/9VQ6SFN4/cho2005.pdf:application/pdf}
}

@article{mcwhinney_naphthalene_2013,
	title = {Naphthalene {SOA}: redox activity and naphthoquinone gas–particle partitioning},
	volume = {13},
	issn = {1680-7324},
	shorttitle = {Naphthalene {SOA}},
	url = {http://www.atmos-chem-phys.net/13/9731/2013/},
	doi = {10.5194/acp-13-9731-2013},
	language = {en},
	number = {19},
	urldate = {2017-11-06},
	journal = {Atmospheric Chemistry and Physics},
	author = {McWhinney, R. D. and Zhou, S. and Abbatt, J. P. D.},
	month = oct,
	year = {2013},
	pages = {9731--9744},
	file = {McWhinney et al. - 2013 - Naphthalene SOA redox activity and naphthoquinone.pdf:/home/webersa/.zotero/zotero/a9vqf6mb.default/zotero/storage/XXG6HHF2/McWhinney et al. - 2013 - Naphthalene SOA redox activity and naphthoquinone.pdf:application/pdf}
}

@article{janssen_associations_2015-1,
	title = {Associations between three specific a-cellular measures of the oxidative potential of particulate matter and markers of acute airway and nasal inflammation in healthy volunteers},
	volume = {72},
	issn = {1351-0711, 1470-7926},
	url = {http://oem.bmj.com/lookup/doi/10.1136/oemed-2014-102303},
	doi = {10.1136/oemed-2014-102303},
	language = {en},
	number = {1},
	urldate = {2017-11-07},
	journal = {Occupational and Environmental Medicine},
	author = {Janssen, Nicole A H and Strak, Maciej and Yang, Aileen and Hellack, Bryan and Kelly, Frank J and Kuhlbusch, Thomas A J and Harrison, Roy M and Brunekreef, Bert and Cassee, Flemming R and Steenhof, Maaike and Hoek, Gerard},
	month = jan,
	year = {2015},
	pages = {49--56},
	file = {Janssen et al. - 2015 - Associations between three specific a-cellular mea.pdf:/home/webersa/.zotero/zotero/a9vqf6mb.default/zotero/storage/64KJZ6UZ/Janssen et al. - 2015 - Associations between three specific a-cellular mea.pdf:application/pdf}
}

@article{samoli_exposure_2016,
	title = {Exposure to ultrafine particles and respiratory hospitalisations in five {European} cities},
	volume = {48},
	issn = {0903-1936, 1399-3003},
	url = {http://erj.ersjournals.com/lookup/doi/10.1183/13993003.02108-2015},
	doi = {10.1183/13993003.02108-2015},
	language = {en},
	number = {3},
	urldate = {2017-11-07},
	journal = {European Respiratory Journal},
	author = {Samoli, Evangelia and Andersen, Zorana Jovanovic and Katsouyanni, Klea and Hennig, Frauke and Kuhlbusch, Thomas A.J. and Bellander, Tom and Cattani, Giorgio and Cyrys, Josef and Forastiere, Francesco and Jacquemin, Bénédicte and Kulmala, Markku and Lanki, Timo and Loft, Steffen and Massling, Andreas and Tobias, Aurelio and Stafoggia, Massimo},
	month = sep,
	year = {2016},
	pages = {674--682},
	file = {samoli2016.pdf:/home/webersa/.zotero/zotero/a9vqf6mb.default/zotero/storage/GKGP74WX/samoli2016.pdf:application/pdf}
}

@article{hellack_oxidative_2015,
	title = {Oxidative potential of particulate matter at a {German} motorway},
	volume = {17},
	issn = {2050-7887, 2050-7895},
	url = {http://xlink.rsc.org/?DOI=C4EM00605D},
	doi = {10.1039/C4EM00605D},
	language = {en},
	number = {4},
	urldate = {2017-11-07},
	journal = {Environ. Sci.: Processes Impacts},
	author = {Hellack, Bryan and Quass, Ulrich and Nickel, Carmen and Wick, Gabriele and Schins, Roel P. F. and Kuhlbusch, Thomas A. J.},
	year = {2015},
	pages = {868--876},
	file = {hellack2015.pdf:/home/webersa/.zotero/zotero/a9vqf6mb.default/zotero/storage/EJTWERRG/hellack2015.pdf:application/pdf}
}

@article{yang_agreement_2015,
	title = {Agreement of central site measurements and land use regression modeled oxidative potential of {PM}2.5 with personal exposure},
	volume = {140},
	issn = {00139351},
	url = {http://linkinghub.elsevier.com/retrieve/pii/S0013935115001322},
	doi = {10.1016/j.envres.2015.04.015},
	language = {en},
	urldate = {2017-11-07},
	journal = {Environmental Research},
	author = {Yang, Aileen and Hoek, Gerard and Montagne, Denise and Leseman, Daan L.A.C. and Hellack, Bryan and Kuhlbusch, Thomas A.J. and Cassee, Flemming R. and Brunekreef, Bert and Janssen, Nicole A.H.},
	month = jul,
	year = {2015},
	pages = {397--404},
	file = {yang2015.pdf:/home/webersa/.zotero/zotero/a9vqf6mb.default/zotero/storage/5Q9BUBM6/yang2015.pdf:application/pdf}
}

@article{drinovec_dual-spot_2015,
	title = {The "dual-spot" {Aethalometer}: an improved measurement of aerosol black carbon with real-time loading compensation},
	volume = {8},
	issn = {1867-8548},
	shorttitle = {The "dual-spot" {Aethalometer}},
	url = {http://www.atmos-meas-tech.net/8/1965/2015/},
	doi = {10.5194/amt-8-1965-2015},
	language = {en},
	number = {5},
	urldate = {2017-11-08},
	journal = {Atmospheric Measurement Techniques},
	author = {Drinovec, L. and Močnik, G. and Zotter, P. and Prévôt, A. S. H. and Ruckstuhl, C. and Coz, E. and Rupakheti, M. and Sciare, J. and Müller, T. and Wiedensohler, A. and Hansen, A. D. A.},
	month = may,
	year = {2015},
	pages = {1965--1979},
	file = {amt-8-1965-2015.pdf:/home/webersa/.zotero/zotero/a9vqf6mb.default/zotero/storage/JQP56QBR/amt-8-1965-2015.pdf:application/pdf}
}

@article{jaffrezo_size_2005-1,
	title = {Size distribution of {EC} and {OC} in the aerosol of {Alpine} valleys during summer and winter},
	volume = {5},
	number = {11},
	journal = {Atmospheric Chemistry and Physics},
	author = {Jaffrezo, J.-L. and Aymoz, Gilles and Cozic, Julie},
	year = {2005},
	pages = {2915--2925},
	file = {52749015.pdf:/home/webersa/.zotero/zotero/a9vqf6mb.default/zotero/storage/84XVJ3NQ/52749015.pdf:application/pdf}
}

@article{abrams_associations_2017,
	title = {Associations between {Ambient} {Fine} {Particulate} {Oxidative} {Potential} and {Cardiorespiratory} {Emergency} {Department} {Visits}},
	volume = {125},
	issn = {0091-6765, 1552-9924},
	url = {http://ehp.niehs.nih.gov/EHP1545},
	doi = {10.1289/EHP1545},
	language = {en},
	number = {10},
	urldate = {2017-11-08},
	journal = {Environmental Health Perspectives},
	author = {Abrams, Joseph Y. and Weber, Rodney J. and Klein, Mitchel and Samat, Stefanie E. and Chang, Howard H. and Strickland, Matthew J. and Verma, Vishal and Fang, Ting and Bates, Josephine T. and Mulholland, James A. and Russell, Armistead G. and Tolbert, Paige E.},
	month = oct,
	year = {2017},
	file = {EHP1545.alt_.pdf:/home/webersa/.zotero/zotero/a9vqf6mb.default/zotero/storage/24N3998J/EHP1545.alt_.pdf:application/pdf}
}

@article{strak_long-term_2017,
	title = {Long-term exposure to particulate matter, {NO} 2 and the oxidative potential of particulates and diabetes prevalence in a large national health survey},
	volume = {108},
	issn = {01604120},
	url = {http://linkinghub.elsevier.com/retrieve/pii/S016041201730452X},
	doi = {10.1016/j.envint.2017.08.017},
	language = {en},
	urldate = {2017-11-08},
	journal = {Environment International},
	author = {Strak, Maciej and Janssen, Nicole and Beelen, Rob and Schmitz, Oliver and Vaartjes, Ilonca and Karssenberg, Derek and van den Brink, Carolien and Bots, Michiel L. and Dijst, Martin and Brunekreef, Bert and Hoek, Gerard},
	month = nov,
	year = {2017},
	pages = {228--236},
	file = {Stark et al, 2017.pdf:/home/webersa/.zotero/zotero/a9vqf6mb.default/zotero/storage/57V5I3UN/Stark et al, 2017.pdf:application/pdf}
}